@inproceedings{alishahi2024dimensional,
author = {Alishahi, Meysam and Phillips, Jeff M.},
title = {No dimensional sampling coresets for classification},
year = {2024},
booktitle = {Proceedings of the 41st International Conference on Machine Learning},
articleno = {43},
numpages = {42}
}

@InProceedings{tolochinksy2022generic,
  title = 	 {Generic Coreset for Scalable Learning of Monotonic Kernels: Logistic Regression, Sigmoid and more},
  author =       {Tolochinksy, Elad and Jubran, Ibrahim and Feldman, Dan},
  booktitle = 	 {Proceedings of the 39th International Conference on Machine Learning},
  pages = 	 {21520--21547},
  year = 	 {2022},
  url = 	 {https://proceedings.mlr.press/v162/tolochinksy22a.html}
}

@article{tuka2021coresets,
title = {On coresets for support vector machines},
journal = {Theoretical Computer Science},
volume = {890},
pages = {171-191},
year = {2021},
url = {https://www.sciencedirect.com/science/article/pii/S0304397521005247},
author = {Murad Tukan and Cenk Baykal and Dan Feldman and Daniela Rus}
}

@inproceedings{tukan2020coresets,
 author = {Tukan, Murad and Maalouf, Alaa and Feldman, Dan},
 booktitle = {Advances in Neural Information Processing Systems},
 pages = {997--1009},
 title = {Coresets for Near-Convex Functions},
 url = {https://proceedings.neurips.cc/paper_files/paper/2020/file/0afe095e81a6ac76ff3f69975cb3e7ae-Paper.pdf},
 volume = {33},
 year = {2020}
}

@inproceedings{munteanu2018coresets,
 author = {Munteanu, Alexander and Schwiegelshohn, Chris and Sohler, Christian and Woodruff, David},
 booktitle = {Advances in Neural Information Processing Systems},
 title = {On Coresets for Logistic Regression},
 url = {https://proceedings.neurips.cc/paper_files/paper/2018/file/63bfd6e8f26d1d3537f4c5038264ef36-Paper.pdf},
 volume = {31},
 year = {2018}
}

@misc{paszke2017automatic,
  title={Automatic differentiation in pytorch},
  author={Paszke, Adam and Gross, Sam and Chintala, Soumith and Chanan, Gregory and Yang, Edward and DeVito, Zachary and Lin, Zeming and Desmaison, Alban and Antiga, Luca and Lerer, Adam},
  howpublished={NIPS 2017 Workshop Autodiff},
  year={2017}
}

@ARTICLE{2020SciPy-NMeth,
  author  = {Virtanen, Pauli and Gommers, Ralf and Oliphant, Travis E. and
            Haberland, Matt and Reddy, Tyler and Cournapeau, David and
            Burovski, Evgeni and Peterson, Pearu and Weckesser, Warren and
            Bright, Jonathan and {van der Walt}, St{\'e}fan J. and
            Brett, Matthew and Wilson, Joshua and Millman, K. Jarrod and
            Mayorov, Nikolay and Nelson, Andrew R. J. and Jones, Eric and
            Kern, Robert and Larson, Eric and Carey, C J and
            Polat, {\.I}lhan and Feng, Yu and Moore, Eric W. and
            {VanderPlas}, Jake and Laxalde, Denis and Perktold, Josef and
            Cimrman, Robert and Henriksen, Ian and Quintero, E. A. and
            Harris, Charles R. and Archibald, Anne M. and
            Ribeiro, Ant{\^o}nio H. and Pedregosa, Fabian and
            {van Mulbregt}, Paul and {SciPy 1.0 Contributors}},
  title   = {{{SciPy} 1.0: Fundamental Algorithms for Scientific
            Computing in Python}},
  journal = {Nature Methods},
  year    = {2020},
  volume  = {17},
  pages   = {261--272},
  adsurl  = {https://rdcu.be/b08Wh},
  doi     = {10.1038/s41592-019-0686-2},
}

@article{harris2020array,
 title         = {Array programming with {NumPy}},
 author        = {Charles R. Harris and K. Jarrod Millman and St{\'{e}}fan J.
                 van der Walt and Ralf Gommers and Pauli Virtanen and David
                 Cournapeau and Eric Wieser and Julian Taylor and Sebastian
                 Berg and Nathaniel J. Smith and Robert Kern and Matti Picus
                 and Stephan Hoyer and Marten H. van Kerkwijk and Matthew
                 Brett and Allan Haldane and Jaime Fern{\'{a}}ndez del
                 R{\'{i}}o and Mark Wiebe and Pearu Peterson and Pierre
                 G{\'{e}}rard-Marchant and Kevin Sheppard and Tyler Reddy and
                 Warren Weckesser and Hameer Abbasi and Christoph Gohlke and
                 Travis E. Oliphant},
 year          = {2020},
 month         = sep,
 journal       = {Nature},
 volume        = {585},
 number        = {7825},
 pages         = {357--362},
 doi           = {10.1038/s41586-020-2649-2},
 publisher     = {Springer Science and Business Media {LLC}},
 url           = {https://doi.org/10.1038/s41586-020-2649-2}
}

@article{diamond2016cvxpy,
  author       = {Steven Diamond and Stephen Boyd},
  title        = {{CVXPY}: A {P}ython-Embedded Modeling Language for Convex Optimization},
  journal      = {Journal of Machine Learning Research},
  note         = {To appear},
  url          = {https://stanford.edu/~boyd/papers/pdf/cvxpy_paper.pdf},
  year         = {2016},
}

@article{haixiang2017learning,
title = {Learning from class-imbalanced data: Review of methods and applications},
journal = {Expert Systems with Applications},
volume = {73},
pages = {220-239},
year = {2017},
issn = {0957-4174},
doi = {https://doi.org/10.1016/j.eswa.2016.12.035},
url = {https://www.sciencedirect.com/science/article/pii/S0957417416307175},
author = {Guo Haixiang and Li Yijing and Jennifer Shang and Gu Mingyun and Huang Yuanyue and Gong Bing}
}

@inproceedings{geng2023dataset,
  author = {Geng, Jiahui and Chen, Zongxiong and Wang, Yuandou and Woisetschl\"{a}ger, Herbert and Schimmler, Sonja and Mayer, Ruben and Zhao, Zhiming and Rong, Chunming},
  title = {A survey on dataset distillation: approaches, applications and future directions},
  year = {2023},
  doi = {10.24963/ijcai.2023/741},
  booktitle = {Proceedings of the Thirty-Second International Joint Conference on Artificial Intelligence},
}

@article{lei2024comprehensive,
  author={Lei, Shiye and Tao, Dacheng},
  journal={IEEE Transactions on Pattern Analysis and Machine Intelligence}, 
  title={A Comprehensive Survey of Dataset Distillation}, 
  year={2024},
  volume={46},
  number={1},
  pages={17-32},
  doi={10.1109/TPAMI.2023.3322540}
}

@inproceedings{mirzasoleiman2020coresets,
  title = {Coresets for Data-efficient Training of Machine Learning Models},
  author = {Mirzasoleiman, Baharan and Bilmes, Jeff and Leskovec, Jure},
  booktitle = {Proceedings of the 37th International Conference on Machine Learning},
  pages = {6950--6960},
  year = {2020},
}

@inproceedings{sener2018active,
  title={Active Learning for Convolutional Neural Networks: A Core-Set Approach},
  author={Sener, Ozan and Savarese, Silvio},
  booktitle={The 6th International Conference on Learning Representations (ICLR)},
  year={2018}
}

@article{zong2013weighted,
  author = {Weiwei Zong and Guang-Bin Huang and Yiqiang Chen},
  title = {Weighted extreme learning machine for imbalance learning},
  journal = {Neurocomputing},
  volume = {101},
  pages = {229-242},
  year = {2013}
}

@article{johnson2019deep,
  author = {Johnson, Justin M. and Khoshgoftaar, Taghi M.},
  title = {Survey on deep learning with class imbalance},
  booktitle = {Journal of Big Data},
  volume = 6,
  number = 27,
  year = {2019}
}

@inproceedings{cui2019class,
  author = {Cui, Yin and Jia, Menglin and Lin, Tsung-Yi and Song, Yang and Belongie, Serge},
  title = {Class-Balanced Loss Based on Effective Number of Samples},
  booktitle = {Proceedings of the IEEE/CVF Conference on Computer Vision and Pattern Recognition (CVPR)},
  month = {June},
  year = {2019}
}

@inproceedings{neuraltangents2020,
    title={Neural Tangents: Fast and Easy Infinite Neural Networks in Python},
    author={Roman Novak and Lechao Xiao and Jiri Hron and Jaehoon Lee and Alexander A. Alemi and Jascha Sohl-Dickstein and Samuel S. Schoenholz},
    booktitle={International Conference on Learning Representations},
    year={2020},
    url={https://github.com/google/neural-tangents}
}

@inproceedings{scholkopf2001generalized,
  title={A generalized representer theorem},
  author={Sch{\"o}lkopf, Bernhard and Herbrich, Ralf and Smola, Alex J},
  booktitle={International conference on computational learning theory},
  pages={416--426},
  year={2001},
  organization={Springer}
}

@book{scholkopf2004kernel,
    editor = {Bernhard Sch{\"o}lkopf and Koji Tsuda and {Jean-Philippe} Vert},
    title = "Kernel Methods in Computational Biology",
    publisher = {The MIT Press},
    year = {2004}
}

@article{jacot2018neural,
  title={Neural tangent kernel: Convergence and generalization in neural networks},
  author={Jacot, Arthur and Gabriel, Franck and Hongler, Cl{\'e}ment},
  journal={Advances in neural information processing systems},
  volume={31},
  year={2018}
}

@article{scikit-learn,
  title={Scikit-learn: Machine Learning in {P}ython},
  author={Pedregosa, F. and Varoquaux, G. and Gramfort, A. and Michel, V.
          and Thirion, B. and Grisel, O. and Blondel, M. and Prettenhofer, P.
          and Weiss, R. and Dubourg, V. and Vanderplas, J. and Passos, A. and
          Cournapeau, D. and Brucher, M. and Perrot, M. and Duchesnay, E.},
  journal={Journal of Machine Learning Research},
  volume={12},
  pages={2825--2830},
  year={2011}
}

@article{shimodaira2000improving,
  title={Improving predictive inference under covariate shift by weighting the log-likelihood function},
  author={Shimodaira, Hidetoshi},
  journal={Journal of statistical planning and inference},
  volume={90},
  number={2},
  pages={227--244},
  year={2000},
  publisher={Elsevier}
}

@InProceedings{he2016deep,
  author = {He, Kaiming and Zhang, Xiangyu and Ren, Shaoqing and Sun, Jian},
  title = {Deep Residual Learning for Image Recognition},
  booktitle = {Proceedings of the IEEE Conference on Computer Vision and Pattern Recognition (CVPR)},
  month = {June},
  year = {2016}
} 

@misc{cifar10,
  author={Alex Krizhevsky},
  title={The CIFAR-10 dataset},
  url={https://www.cs.toronto.edu/~kriz/cifar.html},
  year=2009
}

@article{kirkpatrick2017overcoming,
  author = {James Kirkpatrick  and Razvan Pascanu  and Neil Rabinowitz  and Joel Veness  and Guillaume Desjardins  and Andrei A. Rusu  and Kieran Milan  and John Quan  and Tiago Ramalho  and Agnieszka Grabska-Barwinska  and Demis Hassabis  and Claudia Clopath  and Dharshan Kumaran  and Raia Hadsell },
  title = {Overcoming catastrophic forgetting in neural networks},
  journal = {Proceedings of the National Academy of Sciences},
  volume = {114},
  number = {13},
  pages = {3521-3526},
  year = {2017},
  doi = {10.1073/pnas.1611835114},
}

@inproceedings{wang2022memory,
  title={Memory Replay with Data Compression for Continual Learning},
  author={Liyuan Wang and Xingxing Zhang and Kuo Yang and Longhui Yu and Chongxuan Li and Lanqing HONG and Shifeng Zhang and Zhenguo Li and Yi Zhong and Jun Zhu},
  booktitle={International Conference on Learning Representations},
  year={2022},
}

@article{zhao2019improved,
  title = {An improved non-parallel Universum support vector machine and its safe sample screening rule},
  journal = {Knowledge-Based Systems},
  volume = {170},
  pages = {79-88},
  year = {2019},
  doi = {https://doi.org/10.1016/j.knosys.2019.01.031},
  author = {Jiang Zhao and Yitian Xu and Hamido Fujita},
}

@article{ren2018safe,
  author={Ren, Shaogang and Huang, Shuai and Ye, Jieping and Qian, Xiaoning},
  journal={IEEE Transactions on Pattern Analysis and Machine Intelligence}, 
  title={Safe Feature Screening for Generalized LASSO}, 
  year={2018},
  volume={40},
  number={12},
  pages={2992-3006},
  doi={10.1109/TPAMI.2017.2776267}
}

@article{wang2022safe,
  title = {A safe double screening strategy for elastic net support vector machine},
  journal = {Information Sciences},
  volume = {582},
  pages = {382-397},
  year = {2022},
  issn = {0020-0255},
  doi = {https://doi.org/10.1016/j.ins.2021.09.026},
  author = {Hongmei Wang and Yitian Xu},
}

@inproceedings{zhai2020safe,
  title={Safe Sample Screening for Robust Support Vector Machine},
  volume={34},
  url={https://ojs.aaai.org/index.php/AAAI/article/view/6182},
  DOI={10.1609/aaai.v34i04.6182},
  number={04},
  booktitle={Proceedings of the AAAI Conference on Artificial Intelligence},
  author={Zhai, Zhou and Gu, Bin and Li, Xiang and Huang, Heng},
  year={2020},
  pages={6981-6988}
}

@article{tibshirani1996regression,
  title={Regression shrinkage and selection via the lasso},
  author={Tibshirani, Robert},
  journal={Journal of the Royal Statistical Society Series B: Statistical Methodology},
  volume={58},
  number={1},
  pages={267--288},
  year={1996},
  publisher={Oxford University Press}
}

@article{delage2010distributionally,
    author = {Delage, Erick and Ye, Yinyu},
    title = {Distributionally Robust Optimization Under Moment Uncertainty with Application to Data-Driven Problems},
    journal = {Operations Research},
    volume = {58},
    number = {3},
    pages = {595--612},
    year = {2010},
    doi = {10.1287/opre.1090.0741},
}

@article{goh2010distributionally,
    author = {Goh, Joel and Sim, Melvyn},
    title = {Distributionally Robust Optimization and Its Tractable Approximations},
    journal = {Operations Research},
    volume = {58},
    number = {4-1},
    pages = {902--917},
    year = {2010},
    doi = {10.1287/opre.1090.0795},
}

@misc{chen2021distributionally,
    title={Distributionally Robust Learning}, 
    author={Ruidi Chen and Ioannis Ch. Paschalidis},
    year={2021},
    url={https://arxiv.org/abs/2108.08993},
    howpublished={arXiv Preprint},
    number={2108.08993}
}

@article{sugiyama2007covariate,
  author  = {Masashi Sugiyama and Matthias Krauledat and Klaus-Robert M{{\"u}}ller},
  title   = {Covariate Shift Adaptation by Importance Weighted Cross Validation},
  journal = {Journal of Machine Learning Research},
  year    = {2007},
  volume  = {8},
  number  = {35},
  pages   = {985--1005},
  url     = {http://jmlr.org/papers/v8/sugiyama07a.html}
}

@article{yoshida2023efficient,
    author = {Takumi Yoshida and Hiroyuki Hanada and Kazuya Nakagawa and Kouichi Taji and Koji Tsuda and Ichiro Takeuchi},
    title = {Efficient model selection for predictive pattern mining model by safe pattern pruning},
    journal = {Patterns},
    volume = {4},
    number = {12},
    pages = {100890},
    year = {2023},
    issn = {2666-3899},
    comment = {
        doi = {https://doi.org/10.1016/j.patter.2023.100890},
        url = {https://www.sciencedirect.com/science/article/pii/S2666389923002921}
    }
}
@article{hanada2023generalized,
    author = {Hanada, Hiroyuki and Hashimoto, Noriaki and Taji, Kouichi and Takeuchi, Ichiro},
    title = "{Generalized Low-Rank Update: Model Parameter Bounds for Low-Rank Training Data Modifications}",
    journal = {Neural Computation},
    volume = {35},
    number = {12},
    pages = {1970-2005},
    year = {2023},
    comment = {
        doi = {10.1162/neco_a_01619},
        url = {https://doi.org/10.1162/neco\_a\_01619}
    }
}
@book{hiriart1993convex,
  title={Convex Analysis and Minimization Algorithms II: Advanced Theory and Bundle Methods},
  author={Hiriart-Urruty, Jean-Baptiste and Lemar{\'e}chal, Claude},
  publisher={Springer},
  year={1993}
}
@article{tibshirani2005sparsity,
  title={Sparsity and smoothness via the fused lasso},
  author={Tibshirani, Robert and Saunders, Michael and Rosset, Saharon and Zhu, Ji and Knight, Keith},
  journal={Journal of the Royal Statistical Society: Series B (Statistical Methodology)},
  volume={67},
  number={1},
  pages={91--108},
  year={2005}
}

@article{wohlberg2016convolutional,
author={B. {Wohlberg}},
journal={IEEE Transactions on Image Processing},
title={Efficient Algorithms for Convolutional Sparse Representations},
year={2016},
volume={25},
number={1},
pages={301--315},
}
@inproceedings{schlimmer1986case,
 author = {Schlimmer, Jeffrey C. and Fisher, Douglas},
 title = {A Case Study of Incremental Concept Induction},
 booktitle = {Proceedings of the 5th AAAI National Conference on Artificial Intelligence},
 year = {1986},
 pages = {496--501}
} 
@misc{bertsekas2015incremental,
  author    = {Dimitri P. Bertsekas},
  title     = {Incremental Gradient, Subgradient, and Proximal Methods for Convex
               Optimization: {A} Survey},
  howpublished = {arXiv:1507.01030},
  year      = {2015},
  url       = {http://arxiv.org/abs/1507.01030}
}
@inproceedings{solomonoff1989incremental,
 author = {Ray J. Solomonoff},
 title = {A system for incremental learning based on algorithmic probability},
 booktitle = {Proceedings of the 6th Israeli Conference on Artificial Intelligence, Computer Vision and Pattern Recognition},
 year = {1989},
 pages = {515--527}
}
@inproceedings{gepperth2016incremental,
 author = {Alexander Gepperth and Barbara Hammer},
 title = {Incremental learning algorithms and applications},
 booktitle = {Proceedings of the 24th European Symposium on Artificial Neural Networks (ESANN2016)},
 year = {2016},
 pages = {357--368}
}
@article{lin2011vif,
  author = {Dongyu Lin and Dean P. Foster and Lyle H. Ungar},
  title = {VIF Regression: A Fast Regression Algorithm for Large Data},
  journal = {Journal of the American Statistical Association},
  volume = {106},
  number = {493},
  pages = {232--247},
  year  = {2011}
}
@Article{an1989stepwise,
  author="An, Hongzhi and Gu, Lan",
  title="Fast stepwise procedures of selection of variables by using AIC and BIC criteria",
  journal="Acta Mathematicae Applicatae Sinica",
  year="1989",
  volume="5",
  number="1",
  pages="60--67"
}
@inproceedings{zogalasiudem2014fast,
 author = {Barbara Zoga{\l}a-Siudem and Szymon Jaroszewicz},
 title = {Fast Stepwise Regression on Linked Data},
 booktitle = {Proceedings of the 1st International Conference on Linked Data for Knowledge Discovery},
 year = {2014},
 pages = {12--21}
}
@InProceedings{giordano2019swiss,
  title = 	 {A Swiss Army Infinitesimal Jackknife},
  author = 	 {Giordano, Ryan and Stephenson, William and Liu, Runjing and Jordan, Michael and Broderick, Tamara},
  booktitle = 	 {Proceedings of the 22nd International Conference on Artificial Intelligence and Statistics (AISTATS2019)},
  pages = 	 {1139--1147},
  year = 	 {2019}
}

@article{pan1990least,
  title = "Least squares modifications with inverse factorizations: parallel implications",
  editor = "Henk A. van der Vorst and Paul van Dooren",
  journal = "Advances in Parallel Computing",
  volume = "1",
  pages = "109--127",
  year = "1990",
  author = "C. T. Pan and R. J. Plemmons"
}
@article{hager1989updating,
  author = {Hager, W.},
  title = {Updating the Inverse of a Matrix},
  journal = {SIAM Review},
  volume = {31},
  number = {2},
  pages = {221--239},
  year = {1989}
}

@article{davis2005row,
  author = {Davis, T. and Hager, W.},
  title = {Row Modifications of a Sparse Cholesky Factorization},
  journal = {SIAM Journal on Matrix Analysis and Applications},
  volume = {26},
  number = {3},
  pages = {621--639},
  year = {2005},
}
@article{gong2017label,
  author={C. {Gong} and D. {Tao} and W. {Liu} and L. {Liu} and J. {Yang}},
  journal={IEEE Transactions on Neural Networks and Learning Systems},
  title={Label Propagation via Teaching-to-Learn and Learning-to-Teach},
  year={2017},
  volume={28},
  number={6},
  pages={1452--1465}
}

@article{cawley2003efficient,
title = "Efficient leave-one-out cross-validation of kernel fisher discriminant classifiers",
journal = "Pattern Recognition",
volume = "36",
number = "11",
pages = "2585--2592",
year = "2003",
author = "Gavin C. Cawley and Nicola L. C. Talbot"
}

@article{cawley2004leaveoneout,
  title = "Fast exact leave-one-out cross-validation of sparse least-squares support vector machines",
  journal = "Neural Networks",
  volume = "17",
  number = "10",
  pages = "1467--1475",
  year = "2004",
  author = "Gavin C. Cawley and Nicola L. C. Talbot"
}

@misc{orr1996radial,
  title={Introduction to Radial Basis Function Networks},
  author = {Mark J. L. Orr},
  year={1996},
  howpublished = {Technical Report, Centre for Cognitive Science, University of Edinburgh}
}

@book{schafer1997analysis,
  title={Analysis of incomplete multivariate data},
  author={Schafer, Joseph L},
  year={1997},
  publisher={CRC press}
}

@book{little2002statistical,
  title={Statistical Analysis with Missing Data},
  edition={second},
  author={Little, Roderick JA and Rubin, Donald B.},
  year={2002},
  publisher={Wiley}
}

@article{stadler2014pattern,
  title={Pattern alternating maximization algorithm for missing data in high-dimensional problems},
  author={St{\"a}dler, Nicolas and Stekhoven, Daniel J. and B{\"u}hlmann, Peter},
  journal={The Journal of Machine Learning Research},
  volume={15},
  number={1},
  pages={1903--1928},
  year={2014}
}

@article{rahman2013missing,
  title={Missing value imputation using decision trees and decision forests by splitting and merging records: Two novel techniques},
  author={Rahman, Md Geaur and Islam, Md Zahidul},
  journal={Knowledge-Based Systems},
  volume={53},
  pages={51--65},
  year={2013},
  publisher={Elsevier}
}

@article{zhu2012robust,
  title={A robust missing value imputation method for noisy data},
  author={Zhu, Bing and He, Changzheng and Liatsis, Panos},
  journal={Applied Intelligence},
  volume={36},
  number={1},
  pages={61--74},
  year={2012},
  publisher={Springer}
}

@article{doove2014recursive,
  title={Recursive partitioning for missing data imputation in the presence of interaction effects},
  author={Doove, Lisa L. and {van Buuren}, Stef and Dusseldorp, Elise},
  journal={Computational Statistics \& Data Analysis},
  volume={72},
  pages={92--104},
  year={2014},
  publisher={Elsevier}
}

%% ------------------------------------------------------------
%% About multiple imputation
%% ------------------------------------------------------------

@inproceedings{rubin1978multiple,
  title={Multiple imputations in sample surveys -- a phenomenological Bayesian approach to nonresponse},
  author={Rubin, Donald B.},
  booktitle={Proceedings of the survey research methods section of the American Statistical Association},
  volume={1},
  pages={20--34},
  year={1978}
}

@article{tanner1987calculation,
  title={The calculation of posterior distributions by data augmentation},
  author={Tanner, Martin A. and Wong, Wing Hung},
  journal={Journal of the American statistical Association},
  volume={82},
  number={398},
  pages={528--540},
  year={1987}
}

@article{little1993pattern,
  title={Pattern-mixture models for multivariate incomplete data},
  author={Little, Roderick JA},
  journal={Journal of the American Statistical Association},
  volume={88},
  number={421},
  pages={125--134},
  year={1993}
}

@techreport{van1999flexible,
  title={Flexible multivariate imputation by MICE},
  author={{van Buuren}, Stef and Oudshoorn, Karin},
  institution={TNO Prevention Center},
  year={1999}
}

@article{raghunathan2001multivariate,
  title={A multivariate technique for multiply imputing missing values using a sequence of regression models},
  author={Raghunathan, Trivellore E. and Lepkowski, James M. and {van Hoewyk}, John and Solenberger, Peter},
  journal={Survey methodology},
  volume={27},
  number={1},
  pages={85--96},
  year={2001}
}

@article{king2001analyzing,
  title={Analyzing incomplete political science data: An alternative algorithm for multiple imputation},
  author={King, Gary and Honaker, James and Joseph, Anne and Scheve, Kenneth},
  journal={American political science review},
  volume={95},
  number={1},
  pages={49--69},
  year={2001},
  publisher={Cambridge University Press}
}

@article{rubin2003nested,
  title={Nested multiple imputation of NMES via partially incompatible MCMC},
  author={Rubin, Donald B.},
  journal={Statistica Neerlandica},
  volume={57},
  number={1},
  pages={3--18},
  year={2003}
}

@article{van2007multiple,
  title={Multiple imputation of discrete and continuous data by fully conditional specification},
  author={{van Buuren}, Stef},
  journal={Statistical methods in medical research},
  volume={16},
  number={3},
  pages={219--242},
  year={2007}
}

%% ------------------------------------------------------------
%% Low-rank matrix missing value completion
%% ------------------------------------------------------------

@article{candes2009exact,
  title={Exact matrix completion via convex optimization},
  author={Cand{\`e}s, Emmanuel J and Recht, Benjamin},
  journal={Foundations of Computational mathematics},
  volume={9},
  number={6},
  pages={717},
  year={2009},
  publisher={Springer}
}

@article{candes2010power,
  title={The power of convex relaxation: Near-optimal matrix completion},
  author={Cand{\`e}s, Emmanuel J and Tao, Terence},
  journal={IEEE Transactions on Information Theory},
  volume={56},
  number={5},
  pages={2053--2080},
  year={2010},
  publisher={IEEE}
}

@article{keshavan2010matrix,
  title={Matrix completion from a few entries},
  author={Keshavan, Raghunandan H and Montanari, Andrea and Oh, Sewoong},
  journal={IEEE Transactions on Information Theory},
  volume={56},
  number={6},
  pages={2980--2998},
  year={2010},
  publisher={IEEE}
}

@article{cai2010singular,
  title={A singular value thresholding algorithm for matrix completion},
  author={Cai, Jian-Feng and Cand{\`e}s, Emmanuel J and Shen, Zuowei},
  journal={SIAM Journal on Optimization},
  volume={20},
  number={4},
  pages={1956--1982},
  year={2010},
  publisher={SIAM}
}

@article{mazumder2010spectral,
  title={Spectral regularization algorithms for learning large incomplete matrices},
  author={Mazumder, Rahul and Hastie, Trevor and Tibshirani, Robert},
  journal={Journal of machine learning research},
  volume={11},
  number={Aug},
  pages={2287--2322},
  year={2010}
}

%% ------------------------------------------------------------
%% Others
%% ------------------------------------------------------------

@book{saltelli2000sensitivity,
  title={Sensitivity analysis},
  author={Saltelli, Andrea and Chan, Karen and Scott, E Marian and others},
  volume={1},
  year={2000},
  publisher={Wiley New York}
}

@InProceedings{kifer2012private,
  title = 	 {Private Convex Empirical Risk Minimization and High-dimensional Regression},
  author = 	 {Daniel Kifer and Adam Smith and Abhradeep Thakurta},
  booktitle = 	 {Proceedings of the 25th Annual Conference on Learning Theory},
  pages = 	 {25.1--25.40},
  year = 	 {2012},
  volume = 	 {23}
}

@inproceedings{abadi2016deep,
 author = {Abadi, Martin and Chu, Andy and Goodfellow, Ian and McMahan, H. Brendan and Mironov, Ilya and Talwar, Kunal and Zhang, Li},
 title = {Deep Learning with Differential Privacy},
 booktitle = {Proceedings of the 2016 ACM SIGSAC Conference on Computer and Communications Security},
 year = {2016},
 pages = {308--318},
}

@article{rubinstein2012learning,
  title={Learning in a Large Function Space: Privacy-Preserving Mechanisms for SVM Learning},
  author={Benjamin I. P. Rubinstein and Peter L. Bartlett and Ling Huang and Nina Taft},
  journal={Journal of Privacy and Confidentiality},
  volume={4},
  number={1},
  year={2012},
  url={http://repository.cmu.edu/jpc/vol4/iss1/4}
}

@inproceedings{nakagawa2016safe,
  title={Safe pattern pruning: An efficient approach for predictive pattern mining},
  author={Nakagawa, Kazuya and Suzumura, Shinya and Karasuyama, Masayuki and Tsuda, Koji and Takeuchi, Ichiro},
  booktitle={Proceedings of the 22nd ACM SIGKDD International Conference on Knowledge Discovery and Data Mining},
  pages={1785--1794},
  year={2016},
  organization={ACM}
}

@inproceedings{shibagaki2016simultaneous,
  title={Simultaneous safe screening of features and samples in doubly sparse modeling},
  author={Shibagaki, Atsushi and Karasuyama, Masayuki and Hatano, Kohei and Takeuchi, Ichiro},
  booktitle={International Conference on Machine Learning},
  pages={1577--1586},
  year={2016}
}

@misc{Anonymous2018AAAI-Modification,
  title={Efficiently evaluating small data modification effect for large-scale classification in changing environment},
  author = {{Anonymous authors}},
  howpublished = {Submitted to the 32nd AAAI Conference on Artificial Intelligence (AAAI-18)}
}
@misc{Hanada2018AAAI-Modification,
  title={Efficiently evaluating small data modification effect for large-scale classification in changing environment},
  author = {Hiroyuki Hanada and Atsushi Shibagaki and Jun Sakuma and Ichiro Takeuchi},
  howpublished = {Proceedings of the 32nd AAAI Conference on Artificial Intelligence (AAAI-18)},
  year = 2018
}
@inproceedings{okada2015differentially,
  title={Differentially Private Analysis of Outliers},
  author={Okada, Rina and Fukuchi, Kazuto and Sakuma, Jun},
  booktitle={Joint European Conference on Machine Learning and
Knowledge Discovery in Databases},
  pages={458--473},
  year={2015},
  organization={Springer}
}

@inproceedings{dwork2014analyze,
  title={Analyze gauss: optimal bounds for privacy-preserving
principal component analysis},
  author={Dwork, Cynthia and Talwar, Kunal and Thakurta, Abhradeep and
Zhang, Li},
  booktitle={Proceedings of the 46th Annual ACM Symposium on Theory of
Computing},
  pages={11--20},
  year={2014},
  organization={ACM}
}

@article{chaudhuri2011differentially,
  title={Differentially private empirical risk minimization},
  author={K. Chaudhuri and C. Monteleoni and A. D. Sarwate},
  journal={Journal of Machine Learning Research},
  volume={12},
  number={Mar},
  pages={1069--1109},
  year={2011}
}
@book{moore2009interval,
  title={Introduction to Interval Analysis},
  author={Moore, Ramon E. and Kearfott, R. Baker and Cloud, Michael J.},
  year={2009},
  publisher={Cambridge University Press}
}
@book{hansen2003IA,
  title={Global optimization using interval analysis: revised and expanded},
  author={Hansen, Eldon and Walster, G. William},
  year={2003},
  publisher={CRC Press}
}

@book{bental2009robust,
  title={Robust Optimization},
  author={{Ben-Tal}, Aharon and {El Ghaoui}, Laurent and Nemirovski, Arkadi},
  publisher = {Princeton University Press},
  year =      {2009}
}

@book{dwork2014dpbook,
  title={The Algorithmic Foundations of Differential Privacy},
  author={Dwork, Cynthia and Roth, Aaron},
  publisher = {Now Publishers},
  year =      {2014}
}

@article{sweeney2002anonymity,
  title={k-anonymity: A model for protecting privacy},
  author={Sweeney, Latanya},
  journal={International Journal of Uncertainty, Fuzziness and Knowledge-Based Systems},
  volume = {10},
  number = {5},
  pages = {557-570},
  year = {2002}
}

@Book{bertsekas1999nonlinear,
  title =     {{Nonlinear Programming}},
  publisher = {Athena Scientific},
  year =      {1999},
  author =    {Bertsekas, Dimitri P.}
}

@inproceedings{Karasuyama2009,
 author               = {Karasuyama, M. and Takeuchi, I.},
 booktitle            = {Advances in Neural Information Processing Systems},
 title                = {{Multiple incremental decremental learning of support vector machine}},
 year                 = {2009},
 }

@inproceedings{Joachims2000,
 author               = {Joachims, T.},
 booktitle            = {International Conference on Machine Learning},
 title                = {{Estimating the generalization performance of a SVM efficiently}},
 year                 = {2000},
 }

@inproceedings{Decoste00,
 author               = {{DeCoste}, D. and Wagstaff, K.},
 booktitle            = {ACM SIGKDD Conference on Knowledge Discovery and Data Mining},
 title                = {Alpha seeding for support vector machines},
 year                 = {2000},
 pages = {345-349},
 }

@inproceedings{Cauwenberghs2001,
 author               = {Cauwenberghs, G. and Poggio, T.},
 booktitle            = {Advances in Neural Information Processing Systems},
 title                = {{Incremental and decremental support vector machine learning}},
 year                 = {2001},
 pages = {409-415},
 }

@inproceedings{shibagaki2015regularization,
  title={Regularization Path of Cross-Validation Error Lower Bounds},
  author={Shibagaki, Atsushi and Suzuki, Yoshiki and Karasuyama, Masayuki and Takeuchi, Ichiro},
  booktitle={Advances in Neural Information Processing Systems},
  pages={1666--1674},
  year={2015}
}

@inproceedings{gabel2015monitoring,
  title={Monitoring Least Squares Models of Distributed Streams},
  author={Gabel, Moshe and Keren, Daniel and Schuster, Assaf},
  booktitle={Proceedings of the 21th ACM SIGKDD International Conference on Knowledge Discovery and Data Mining},
  pages={319--328},
  year={2015},
  organization={ACM}
}

@inproceedings{okumura2015quick,
  title={Quick sensitivity analysis for incremental data modification and its application to leave-one-out CV in linear classification problems},
  author={Okumura, Shota and Suzuki, Yoshiki and Takeuchi, Ichiro},
  booktitle={Proceedings of the 21th ACM SIGKDD International Conference on Knowledge Discovery and Data Mining},
  pages={885--894},
  year={2015}
}

@inproceedings{hatano-takimoto:ds09,
author = {Hatano, Kohei and Takimoto, Eiji},
booktitle = {Proceedings of the 12th International Conference on Dicovery Science (DS 2009)},
keywords = {1-norm,boosting,conference,linear programming,soft margin},
mendeley-tags = {conference},
pages = {401--408},
series = {LNCS},
title = {{Linear Programming Boosting by Column and Row Generation}},
volume = {5808},
year = {2009}
}

@inproceedings{warmuth-etal:alt08,
author = {Warmuth, Manfred and Glocer, Karen and Vishwanathan, S V N},
booktitle = {Proceedings of the 19th International Conference on Algorithmic Learning Theory},
keywords = {boosting,soft margin},
pages = {256--271},
series = {LNCS},
title = {{Entropy Regularized LPBoost}},
volume={5254},
year = {2008}
}

@book{hastie2015statistical,
  title={Statistical Learning with Sparsity: The Lasso and Generalizations},
  author={Hastie, Trevor and Tibshirani, Robert and Wainwright, Martin},
  year={2015},
  publisher={CRC Press}
}

@inproceedings{boser1992training,
  title={A training algorithm for optimal margin classifiers},
  author={Boser, Bernhard E and Guyon, Isabelle M and Vapnik, Vladimir N},
  booktitle={Proceedings of the fifth annual workshop on Computational learning theory},
  pages={144--152},
  year={1992},
  organization={ACM}
}

@article{libsvmDataset,
  title={LIBSVM: A library for support vector machines},
  author={Chang, Chih-Chung and Lin, Chih-Jen},
  journal={ACM Transactions on Intelligent Systems and Technology (TIST)},
  volume={2},
  number={3},
  pages={27},
  year={2011},
  publisher={ACM},
  note={Datasets are provided in authors' website: \url{https://www.csie.ntu.edu.tw/~cjlin/libsvmtools/datasets/}.}
}

@misc{chang2011libsvm,
  title={LIBSVM: A library for support vector machines},
  author={Chang, Chih-Chung and Lin, Chih-Jen},
  journal={ACM Transactions on Intelligent Systems and Technology (TIST)},
  volume={2},
  number={3},
  pages={27},
  year={2011},
  publisher={ACM}
}

@article{ghaoui2012safe,
  title={Safe feature elimination for the lasso and sparse supervised learning problems},
  author={El Ghaoui, Laurent and Viallon, Vivian and Rabbani, Tarek},
  journal={Pacific Journal of Optimization},
  volume={8},
  number={4},
  pages={667--698},
  year={2012}
}

@inproceedings{xiang2011learning,
  title={Learning sparse representations of high dimensional data on large scale dictionaries},
  author={Xiang, Zhen J. and Xu, Hao and Ramadge, Peter J.},
  booktitle={Advances in Neural Information Processing Systems},
  pages={900--908},
  year={2011}
}

@inproceedings{wang2013lasso,
  title={Lasso screening rules via dual polytope projection},
  author={Wang, Jie and Zhou, Jiayu and Wonka, Peter and Ye, Jieping},
  booktitle={Advances in Neural Information Processing Systems},
  pages={1070--1078},
  year={2013}
}

@inproceedings{liu2014safe,
  title = {{Safe Screening with Variational Inequalities and Its Application to Lasso}},
  author={Liu, Jun and Zhao, Zheng and Wang, Jie and Ye, Jieping},
  booktitle = {Proceedings of the 31st International Conference on Machine Learning},
  year = {2014},
  pages = {289-297}
}

@inproceedings{wang2014safe,
  title={A safe screening rule for sparse logistic regression},
  author={Wang, Jie and Zhou, Jiayu and Liu, Jun and Wonka, Peter and Ye, Jieping},
  booktitle={Advances in Neural Information Processing Systems},
  pages={1053--1061},
  year={2014}
}

@misc{xiang2014screening,
  title={Screening tests for lasso problems},
  author={Xiang, Zhen James and Wang, Yun and Ramadge, Peter J},
  howpublished={arXiv preprint arXiv:1405.4897},
  year={2014}
}

@inproceedings{fercoq2015mind,
  title={Mind the duality gap: safer rules for the Lasso},
  author={Fercoq, Olivier and Gramfort, Alexandre and Salmon, Joseph},
  booktitle={Proceedings of the 32nd International Conference on Machine Learning},
  pages={333--342},
  year={2015}
}

@inproceedings{ndiaye2015gap,
  title={GAP Safe screening rules for sparse multi-task and multi-class models},
  author={Ndiaye, Eugene and Fercoq, Olivier and Gramfort, Alexandre and Salmon, Joseph},
  booktitle={Advances in Neural Information Processing Systems},
  pages={811--819},
  year={2015}
}

@inproceedings{ogawa2013safe,
  title={Safe screening of non-support vectors in pathwise SVM computation},
  author={Ogawa, Kohei and Suzuki, Yoshiki and Takeuchi, Ichiro},
  booktitle={Proceedings of the 30th International Conference on Machine Learning},
  pages={1382--1390},
  year={2013}
}

@article{ogawa2014safe,
  title={Safe sample screening for support vector machines},
  author={Ogawa, Kohei and Suzuki, Yoshiki and Suzumura, Shinya and Takeuchi, Ichiro},
  journal={arXiv preprint arXiv:1401.6740},
  year={2014}
}

@inproceedings{wang2013scaling,
  author={Wang, Jie and Wonka, Peter and Ye, Jieping},
  title={Scaling SVM and least absolute deviations via exact data reduction},
  booktitle={Proceedings of The 31st International Conference on Machine Learning},
  pages={523--531},
  year={2014}
}

@misc{Zimmert2015,
  title={Safe Screening for Support Vector Machines},
  author={Zimmert, Julian and de Witt, Christian Schroeder and Kerg, Giancarlo and Kloft, Marius},
  howpublished={NIPS 2015 Workshop on Optimization in Machine Learning (OPT)},
  year={2015}
}

@book{rockafellar1970convex,
  title={Convex analysis},
  author={Rockafellar, Ralph Tyrell},
  year={1970},
  publisher={Princeton university press},
}

@inbook{rockafellar1970convex-fenchel,
  chapter={31 ``Fenchel's duality theorem''},
  title={Convex analysis},
  author={Rockafellar, Ralph Tyrell},
  year={1970},
  publisher={Princeton university press}
}

@article{shalev2015accelerated,
  title={Accelerated proximal stochastic dual coordinate ascent for regularized loss minimization},
  author={Shalev-Shwartz, Shai and Zhang, Tong},
  journal={Mathematical Programming},
  pages={1--41},
  publisher={Springer},
  year  = {2015},
}

@inproceedings{bradley1998feature,
  title={Feature selection via concave minimization and support vector machines.},
  author={Bradley, Paul S and Mangasarian, Olvi L},
  booktitle={ICML},
  volume={98},
  pages={82--90},
  year={1998}
}

@article{zhu20041,
  title={1-norm support vector machines},
  author={Zhu, Ji and Rosset, Saharon and Hastie, Trevor and Tibshirani, Rob},
  journal={Advances in neural information processing systems},
  volume={16},
  number={1},
  pages={49--56},
  year={2004},
  publisher={MIT Press New York}
}

@article{demiriz2002linear,
  title={Linear programming boosting via column generation},
  author={Demiriz, Ayhan and Bennett, Kristin P and Shawe-Taylor, John},
  journal={Machine Learning},
  volume={46},
  number={1-3},
  pages={225--254},
  year={2002},
  publisher={Springer}
}

% xxx The above: cited in this paper

% xxx The below: not cited in this paper

@inproceedings{Sneok12a,
 author = {J. Sneok and H. Larochelle and R. P. Adams},
 booktitle = {Advances in Neural Information Processing Systems 2012},
 title = {Practical {B}ayesian optimization of machine learning algorithms},
 year  = {2012},
 }

@book{Bertsekas99a,
 author = {D. P. Bertsekas},
 publisher = {Athena Scientific},
 title = {Nonlinear Programming (2nd edition)},
 year  = {1999},
 }


@inproceedings{Achlioptas02a,
 author = {D. Achlioptas and F. Mcsherry and B. Sch\"{o}lkopf},
 booktitle = {Advances in Neural Information Processing Systems 2002},
 title = {Sampling techniques for kernel methods},
 year  = {2002},
 }

@inproceedings{Yu03a,
 author = {H. Yu and J. Yang and J. Han},
 booktitle = {Proceedings of {ACM SIGKDD} Conference on Knowledge Discovery and Data Mining 2003},
 title = {Classifying large data sets using SVMs with hierarchical clusters},
 year  = {2003},
}

@inproceedings{Cao06a,
 author = {D. Cao and D. Boley},
 booktitle = {Proceedings of {SIAM} International Conference on Data Mining 2006},
 title = {On approximate solutions to support vector machines},
 year  = {2006},
}



@inproceedings{Hazan11a,
 author = {E. Hazan and T Koren and N. Srebro},
 booktitle = {Advances in Neural Information Processing Systems 2011},
 title = {Beating {SGD}: Learning {SVM}s in sublinear time},
 year  = {2011},
 }

@inproceedings{ShalevShwartz07a,
 author = {S. {Shalev-Shwartz} and Y. Singer and N. Srebro},
 booktitle = {Proceedings of the International Conference on Machine Learning 2007},
 title = {{PEGASOS}: primal estimated sub-gradient solver for SVM},
 year  = {2007},
 }

@article{Crammer06a,
 author = {K. Crammer and O. Dekel and J. Keshet and S. {Shalev-Shwartz} and Y Singer},
 title = {Online passive-aggressive algorithms},
 journal = {Journal of Machine Learning Research},
 volume = {7},
 pages = {551-585},
 year  = {2006},
}


@article{shalev2015without_duality,
  title={SDCA without Duality},
  author={Shalev-Shwartz, Shai},
  journal={arXiv:1502.06177},
  year  = {2015},
}


@article{Yu2015dspdc,
  title={Doubly Stochastic Primal-Dual Coordinate Method for Regularized Empirical Risk Minimization with Factorized Data},
  author={Adams Wei Yu, Qihang Lin, Tianbao Yang},
  journal={arXiv:1508.03390},
  year= {2015},
}

@article{Zhang2015spdc,
 title = {Stochastic Primal-Dual Coordinate Method for Regularized Empirical Risk Minimization},
 author = {Yuchen Zhang and Xiao Lin},
 journal = {Proceedings of The 32nd International Conference on Machine Learning},
 pages = {353-361},
 year = {2015},
}

@article{ma2015adding,
  title={Adding vs. Averaging in Distributed Primal-Dual Optimization},
  author={Ma, Chenxin and Smith, Virginia and Jaggi, Martin and Jordan, Michael I and Richt{\'a}rik, Peter and Tak{\'a}{\v{c}}, Martin},
  journal={Proceedings of The 32nd International Conference on Machine Learning},
  year={2015}
}


@incollection{Yen2015,
title = {Sparse Linear Programming via Primal and Dual Augmented Coordinate Descent},
author = {Yen, Ian En-Hsu and Zhong, Kai and Hsieh, Cho-Jui and Ravikumar, Pradeep K and Dhillon, Inderjit S},
booktitle = {Advances in Neural Information Processing Systems 28},
editor = {C. Cortes and N.D. Lawrence and D.D. Lee and M. Sugiyama and R. Garnett and R. Garnett},
pages = {2359--2367},
year = {2015},
publisher = {Curran Associates, Inc.},
url = {http://papers.nips.cc/paper/5917-sparse-linear-programming-via-primal-and-dual-augmented-coordinate-descent.pdf}
}
@article{zou05regularization,
    author = {Hui Zou and Trevor Hastie},
    title = {Regularization and variable selection via the Elastic Net},
    journal = {Journal of the Royal Statistical Society, Series B},
    year = {2005},
    volume = {67},
    pages = {301--320}
}

@article{Lin2008,
 author = {Lin, Chih-Jen and Weng, Ruby C. and Keerthi, S. Sathiya},
 title = {Trust Region Newton Method for Logistic Regression},
 journal = {J. Mach. Learn. Res.},
 issue_date = {6/1/2008},
 volume = {9},
 month = jun,
 year = {2008},
 issn = {1532-4435},
 pages = {627--650},
 numpages = {24},
 url = {http://dl.acm.org/citation.cfm?id=1390681.1390703},
 acmid = {1390703},
 publisher = {JMLR.org},
}

@article{Friedman2010,
  title = {Regularization Paths for Generalized Linear Models via
    Coordinate Descent},
  author = {Jerome Friedman and Trevor Hastie and Robert Tibshirani},
  journal = {Journal of Statistical Software},
  year = {2010},
  volume = {33},
  number = {1},
  pages = {1--22},
  url = {http://www.jstatsoft.org/v33/i01/},
}

@article{ShalevShwartz2013sdca,
 author = {Shalev-Shwartz, Shai and Zhang, Tong},
 title = {Stochastic Dual Coordinate Ascent Methods for Regularized Loss},
 journal = {J. Mach. Learn. Res.},
 volume = {14},
 number = {1},
 month = feb,
 year = {2013},
 issn = {1532-4435},
 pages = {567--599},
 numpages = {33},
 url = {http://dl.acm.org/citation.cfm?id=2502581.2502598},
 acmid = {2502598},
 publisher = {JMLR.org},
}

@incollection{Wang2013,
title = {Lasso Screening Rules via Dual Polytope Projection},
author = {Wang, Jie and Zhou, Jiayu and Wonka, Peter and Ye, Jieping},
booktitle = {Advances in Neural Information Processing Systems 26},
editor = {C.J.C. Burges and L. Bottou and M. Welling and Z. Ghahramani and K.Q. Weinberger},
pages = {1070--1078},
year = {2013},
publisher = {Curran Associates, Inc.},
url = {http://papers.nips.cc/paper/4892-lasso-screening-rules-via-dual-polytope-projection.pdf}
}


@article{chu2004bayesian,
  title={Bayesian support vector regression using a unified loss function},
  author={Chu, Wei and Keerthi, S Sathiya and Ong, Chong Jin},
  journal={Neural Networks, IEEE Transactions on},
  volume={15},
  number={1},
  pages={29--44},
  year={2004},
  publisher={IEEE}
}

@article{Lee2001ssvm,
 author = {Lee, Yuh-Jye and Mangasarian, O. L.},
 title = {SSVM: A Smooth Support Vector Machine for Classification},
 journal = {Comput. Optim. Appl.},
 issue_date = {October 2001},
 volume = {20},
 number = {1},
 month = oct,
 year = {2001},
 issn = {0926-6003},
 pages = {5--22},
 numpages = {18},
 url = {http://dx.doi.org/10.1023/A:1011215321374},
 doi = {10.1023/A:1011215321374},
 acmid = {543173},
 publisher = {Kluwer Academic Publishers},
 address = {Norwell, MA, USA},
 keywords = {classification, smoothing, support vector machines},
}

@article{Wang14svmlad,
 author = {J. Wang and P. Wonka and J. Ye},
 title = {Scaling SVM and Least Absolute Deviations via Exact Data Reduction},
 journal = {Proceedings of The 31st International Conference on Machine Learning},
 page = {523--531},
 year = {2014},
 }

 @article{Herzet16,
 author = {C. Herzet and P. Wonka and J. Ye},
 journal = {ICASSP},
 title = {SAFE Screening Tests for LASSO based on Firmly Non-Expansiveness},
 year = {2016},
 }

@book{huber2011robust,
  title={Robust statistics},
  author={Huber, Peter J},
  year={2011},
  publisher={Springer}
}

@inproceedings{bonnefoy2014dynamic,
  title={A dynamic screening principle for the lasso},
  author={Bonnefoy, Antoine and Emiya, Valentin and Ralaivola, Liva and Gribonval, R{\'e}mi},
  booktitle={Signal Processing Conference (EUSIPCO), 2014 Proceedings of the 22nd European},
  pages={6--10},
  year={2014},
  organization={IEEE}
}


@article{Yu2015dspdc,
  title={Doubly Stochastic Primal-Dual Coordinate Method for Regularized Empirical Risk Minimization with Factorized Data},
  author={Adams Wei Yu, Qihang Lin, Tianbao Yang},
  journal={arXiv:1508.03390},
  year= {2015},
}

@article{Zhang2015spdc,
 title = {Stochastic Primal-Dual Coordinate Method for Regularized Empirical Risk Minimization},
 author = {Yuchen Zhang and Xiao Lin},
 journal = {Proceedings of The 32nd International Conference on Machine Learning},
 pages = {353-361},
 year = {2015},
}

@article{ma2015adding,
  title={Adding vs. Averaging in Distributed Primal-Dual Optimization},
  author={Ma, Chenxin and Smith, Virginia and Jaggi, Martin and Jordan, Michael I and Richt{\'a}rik, Peter and Tak{\'a}{\v{c}}, Martin},
  journal={Proceedings of The 32nd International Conference on Machine Learning},
  year={2015}
}

@incollection{Yen2015,
title = {Sparse Linear Programming via Primal and Dual Augmented Coordinate Descent},
author = {Yen, Ian En-Hsu and Zhong, Kai and Hsieh, Cho-Jui and Ravikumar, Pradeep K and Dhillon, Inderjit S},
booktitle = {Advances in Neural Information Processing Systems 28},
editor = {C. Cortes and N.D. Lawrence and D.D. Lee and M. Sugiyama and R. Garnett and R. Garnett},
pages = {2359--2367},
year = {2015},
publisher = {Curran Associates, Inc.},
url = {http://papers.nips.cc/paper/5917-sparse-linear-programming-via-primal-and-dual-augmented-coordinate-descent.pdf}
}

%%
%% WinShell 3.3.2.6
%% http://www.winshell.org/
%%

% Strings


% Preamble


% BibTeX Entries
@misc{AAA,
 author = {AAA},
 institution = {AAA},
 title = {AAA},
 year  = {9999},
 }

@article{Adankon09,
 author = {M. Adankon and M. Cheriet and A. Biem},
 journal = {IEEE Transactions on Neural Networks},
 pages = {1858--1870},
 title = {Semisupervised least squares support vector machine},
 volume = {20(12)},
 year  = {2009},
 }

@inproceedings{akaike73a,
 author = {H. Akaike},
 booktitle = {Proceedings of the Second International Symposium on Information Theory},
 pages = {267-281},
 title = {Information theory and an extension of the maximum likelihood principle},
 year = {1973},
 }

@inproceedings{Akbani04,
 author = {R. Akbani and S. Kwek and N. Japkowicz},
 booktitle = {Proceedings of the 15th European Conference on Machine Learning},
 pages = {39-50},
 title = {Applying support vector machines to imbalanced datasets},
 year  = {2004},
 }

@article{AliEisDavMa00,
 author = {A. A. Alizadeh and M. B. Eisen and R. E. Davis et al.},
 journal = {Nature},
 pages = {503-511},
 title = {Distinct types of diffuse large {B}-cell lymphoma identified by gene expression profiling},
 volume = {403},
 year  = {2000},
 }

@article{Allgower93,
 author = {E. L. Allgower and K. George},
 journal = {Acta Numerica},
 pages = {1-63},
 title = {Continuation and Path Following},
 volume = {2},
 year  = {1993},
 }

@article{Amari99,
 author = {S. Amari and W Wu},
 journal = {Neural Networks},
 number = {6},
 pages = {783-789},
 title = {Improving support vector machine classifiers by modifying kernel functions},
 volume = {12},
 year  = {1999},
 }

@article{an97a,
 author = {L. T. H. An and P. D. Tao},
 journal = {Journal of Global Optimization},
 pages = {253-285},
 title = {Solving a class of linearly constrained indefinite quadratic problems by D.C. algorithms},
 volume = {11},
 year  = {1997},
 }

@article{anonymous12a,
 author = {Anonymous},
 publisher = {The MIT Press},
 title = {Outlier Path: A Homotopy Approach to Robust Support Vector Machine},
 year  = {2012},
 }

@article{anonymous12b,
 author = {Anonymous},
 journal = {Submitted to NIPS 2012},
 publisher = {The MIT Press},
 title = {Infinitesimal Annealing for Training Semi-Supervised Support Vector Machine},
 year  = {2012},
 }

@article{AptGroPedRosEtAl99,
 author = {C. Apte and E. Grossman and E. P. D. Pednault and B. K. Rosen and F. A. Tipu and B. White},
 journal = {IEEE Intelligent Systems},
 number = {6},
 pages = {49-58},
 title = {Probabilistic estimation-based data mining for discovering insurance risks},
 volume = {14},
 year  = {1999},
 }

@incollection{argyriou07a,
 author = {A. Argyriou and T. Evgeniou and M. Pontil},
 booktitle = {Advances in Neural Information Processing Systems},
 pages = {41--48},
 title = {Multi-Task Feature Learning},
 volume = {19},
 year  = {2007},
 }

@article{argyriou08a,
 author = {A. Argyriou and T. Evgeniou and M. Pontil},
 journal = {Machine Learning},
 pages = {243-272},
 title = {Convex multi-task feature learning},
 volume = {73},
 year  = {2008},
 }

@incollection{argyriou08b,
 author = {A. Argyriou and C. A. Micchelli and M. Pontil and Y. Ying},
 booktitle = {Advances in Neural Information Processing Systems},
 pages = {25--32},
 title = {A Spectral Regularization Framework for Multi-Task Structure Learning},
 volume = {20},
 year  = {2008},
 }

@inproceedings{Arreola08,
 author = {K. Z. Arreola and T. G{\"a}rtner and G. Gasso and S. Canu},
 booktitle = {Proc. of ESANN 2008},
 pages = {415-420},
 title = {Regularization path for Ranking {SVM}},
 year  = {2008},
 }

@misc{Asuncion07,
 author = {A. Asuncion and D.J. Newman},
 institution = {University of California, Irvine, School of Information and Computer Sciences},
 title = {{UCI} Machine Learning Repository},
 year  = {2007},
 }
@misc{Dua2017UCI,
author = "Dheeru, Dua and Karra Taniskidou, Efi",
year = "2017",
title = "{UCI} Machine Learning Repository",
url = "http://archive.ics.uci.edu/ml",
institution = "University of California, Irvine, School of Information and Computer Sciences"
} 

@article{AzzBow90,
 author = {A. Azzalini and A. W. Bowman},
 journal = {Applied Statistics},
 pages = {357-365},
 title = {A look at some data on the old fithful geyer},
 volume = {39},
 year  = {1990},
 }

@incollection{Bach05,
 author = {F. R. Bach and R. Thibaux and M. I. Jordan},
 booktitle = {Advances in Neural Information Processing Systems 17},
 pages = {73-80},
 title = {Computing regularization paths for learning multiple kernels},
 year  = {2005},
 }

@article{bach11a,
 author = {F. Bach and R. Jenatton and J Mairal and G Obozinski},
 journal = {arXiv:1108.0775},
 title = {Optimization with sparsity-inducing penalties},
 year  = {2011},
 }

@article{bach11b,
 author = {F. Bach and R. Jenatton and J Mairal and G Obozinski},
 journal = {Foundations and Trends in Machine Learning},
 pages = {1--106},
 title = {Optimization with sparsity-inducing penalties},
 volume = {1},
 year  = {2011},
 }

@article{BacHecHor06,
 author = {F. R. Bach and D. Heckerman and E. Horvits},
 journal = {Journal of Machine Learning Research},
 pages = {1713-41},
 title = {Considering cost asymmetry in learning classifiers},
 volume = {7},
 year  = {2006},
 }

@article{bachrach99a,
 author = {L. K. Bachrach and T. Hastie and M. C. Wang and B. Narasimhan and R. Marcus},
 journal = {The Journal of Clinical Endocrinology and Metabolism},
 pages = {4702-4712},
 title = {Acquisition in healthy asian, hispanic, black and caucasian youth. A longitudinal study},
 volume = {84},
 year  = {1999},
 }

@article{BarCohDahDev08,
 author = {A. Barron and A. Cohen and W. Dahmen and R. Devore},
 journal = {Annals of Statitics},
 pages = {64-94},
 title = {Approximation and learning by greedy algorithms},
 volume = {36},
 year  = {2008},
 }

@article{Barrodale73a,
 author = {I. Barrodale and F. Roberts},
 journal = {SIAM Journal of Numerical Analysis},
 number = {5},
 pages = {839--848},
 title = {An improved algorithm for discrete {$\ell_1$} linear approximation},
 volume = {10},
 year  = {1973},
 }

@misc{BBB,
 author = {BBB},
 institution = {BBB},
 title = {BBB},
 year  = {9999},
 }

@incollection{Belkin02,
 author = {M. Belkin and P. Niyogi},
 booktitle = {Advances in Neural Information Processing Systems 14},
 pages = {585--591},
 title = {Laplacian eigenmaps and spectral techniques for embedding and clustering},
 year  = {2002},
 }

@incollection{Bengio09a,
 author = {S. Bengio and F. Pereira and Y. Singer and D. Strelow},
 booktitle = {Advances in Neural Information Processing Systems 22},
 editor = {Y. Bengio and D. Schuurmans and J. Lafferty and C. K. I. Williams and A. Culotta},
 pages = {82--89},
 title = {Group Sparse Coding},
 year  = {2009},
 }

@article{BenHoc95,
 author = {Y. Benjamini and Y. Hochberg},
 journal = {J. Roy. Stat. Soc. A},
 pages = {289-300},
 title = {Controling the false discovery rate: a practical and powerful approach to multiple testing},
 volume = {57},
 year  = {1995},
 }

@book{Bertsimas97,
 author = {D. Bertsimas and J. Tsitsiklis},
 publisher = {Athena Scientific},
 title = {Introduction to Linear Optimization},
 year  = {1997},
 }

@article{Best96,
 author = {M. J. Best},
 journal = {Applied Mathemetics and Parallel Computing},
 pages = {57-76},
 title = {An algorithm for the solution of the parametric quadratic programming problem},
 year  = {1996},
 }

@article{Bhulma06,
 author = {P. Buhlmann},
 journal = {Annals of Statitics},
 pages = {559-583},
 title = {Boosting for high-dimensional linear models},
 volume = {34},
 year  = {2006},
 }

@book{Bie06,
 author = {T. De Bie and N. Cristianini},
 journal = {Semi-supervised Learning},
 publisher = {MIT Press},
 title = {Semi-supervised learning using semi-definite programming},
 year  = {2006},
 }

@techreport{Bishop94,
 author = {C. Bishop},
 institution = {Aston University},
 number = {NCRG/4288},
 title = {Mixture density networks},
 year  = {1994},
 }

@article{Bland77,
 author = {R. G. Bland},
 journal = {Mathematics of Operations Research},
 pages = {103-107},
 title = {New finite pivoting rules for the simplex method},
 volume = {2},
 year  = {1977},
 }


@article{BoxCox64,
 author = {G. E. P. Box and D. R. Cox},
 journal = {Journal of the Royal Statistical Society, Ser. B},
 pages = {211-246},
 title = {An Analysis of Transformations},
 volume = {26},
 year  = {1964},
 }

@book{Boyd04a,
 author = {Boyd, Stephen and Vandenberghe, Lieven},
 publisher = {Cambridge University Press},
 title = {Convex Optimization},
 year  = {2004},
 }

@inproceedings{Bradford98,
 author = {Jeffrey P Bradford and Clayton Kunz and Ron Kohavi},
 booktitle = {Proceedings of the 9th European Conference on Machine Learning},
 pages = {-},
 title = {Pruning decision trees with misclassification costs},
 year  = {1998},
 }

@inproceedings{Bradley98a,
 author = {P. S. Bradley and O. L. Mangasarian},
 booktitle = {Proceedings of the 15th International Conference on Machine Learning},
 pages = {82--90},
 title = {Feature selection via concavve minimization ans support vector machines},
 year  = {1998},
 }

@book{BreFriOlsSto84,
 author = {L. Breiman and J. Friedman and R. Olshen and C. Stone},
 publisher = {Wadsworth, Monterrey, CA},
 title = {Classification and regression trees},
 year  = {1984},
 }

@article{Breima01,
 author = {L. Breiman},
 journal = {Machine Learning},
 pages = {5-32},
 title = {Random forests},
 volume = {45},
 year  = {2001},
 }

@book{buhlmann11a,
 author = {P. B\''{u}hlmann and S. van de Geer},
 publisher = {Springer},
 title = {statistics for high-dimensional data: methods, theory and applications},
 year  = {2011},
 }

@article{BujHasTib89,
 author = {A. Buja and T. Hastie and R. Tibshirani},
 journal = {Annals of Statistics},
 pages = {453-555},
 title = {Linear smoothers and additive models},
 volume = {17},
 year  = {1989},
 }

@article{cao03a,
 author = {L. Cao and F. Tay},
 journal = {IEEE Transactions on Neural Networks},
 number = {6},
 pages = {1506-1518},
 title = {Support vector machine with adaptive parameters in finantial time series forecasting},
 volume = {14},
 year  = {2003},
 }

@incollection{CauPog01,
 author = {G. Cauwenberghs and T. Poggio},
 booktitle = {Advances in Neural Information Processing Systems},
 pages = {409-415},
 title = {Incremental and decremental support vector machine learning},
 volume = {13},
 year  = {2001},
 }

@article{Cauwenberghs01,
 author = {G. Cauwenberghs and T. Poggio},
 journal = {Advances in Neural Information Processing Systems},
 title = {Incremental and Decremental support vector machine learning},
 volume = {13},
 year  = {2001},
 }

@article{Cauwenberghs01,
 author = {G. Cauwenberghs and T. Poggio},
 journal = {Advances in Neural Information Processing Systems},
 title = {Incremental and Decremental support vector machine learning},
 volume = {13},
 year  = {2001},
 }

@article{Chapelle05,
 author = {O. Chapelle and A. Zien},
 journal = {Tenth International Workshop on Artificial Intelligence and Statistics},
 title = {Semi-supervised classification by low density separation},
 year  = {2005},
 }

@article{Chapelle06,
 author = {O. Chapelle and M. Chi and A. Zien},
 journal = {International Conference on Machine Learning},
 title = {A continuation method for semi-supervised {SVMs}},
 year  = {2006},
 }

@book{Chapelle06b,
 editor = {O. Chapelle and B. {Sch\"{o}lkopf} and A. Zien},
 month = {MA},
 publisher = {MIT Press, Cambridge},
 title = {Semi-Supervised Learning},
 year  = {2006},
 }

@article{Chapelle06c,
 author = {O. Chapelle and V. Sindhwani and S. Keerthi},
 journal = {Advances in Neural Information Processing Sysrtems},
 title = {Branch and bound for semi-supervised support vector machines},
 year  = {2007},
 }

@article{Chapelle07,
 author = {O. Chapelle},
 journal = {Neural Computation},
 number = {5},
 pages = {1155--1178},
 title = {Training a support vector machine in the primal},
 volume = {19},
 year  = {2007},
 }

@article{Chapelle08,
 author = {O. Chapelle and V. Sindhwani and S. S. Keerthi},
 journal = {J. Mach. Learning Res.},
 month = {Feb.},
 pages = {202--233},
 title = {Optimization techniques for semi-supervised support vector machines},
 volume = {9},
 year  = {2008},
 }

@article{Chawla02a,
 author = {N V Chawla and K W Bowyer and L O Hall and W P Kegelmeyer},
 journal = {Journal of Artificial Intelligence Research},
 pages = {341-378},
 title = {{SMOTE}: synthetic minority over-sampling technique},
 volume = {16},
 year  = {2002},
 }

@article{Chen01a,
 author = {S. Chen and D. Donoho and M. Saunders},
 journal = {SIAM Review},
 pages = {129-159},
 title = {Atomic decomposition by basis pursuit},
 year  = {2001},
 }

@article{Collobert06,
 author = {R. Collobert and F. Sinz and J. Weston and L. Bottou},
 journal = {Journal of Machine Learning Research},
 pages = {1687--1712},
 title = {Large scale transductive {SVMs}},
 volume = {7},
 year  = {2006},
 }

@inproceedings{Collobert06a,
 author = {R. Collobert and F. Sinz and J. Weston and L. Bottou},
 booktitle = {Proceedings of the 23rd International Conference on Machine Learning},
 pages = {201-208},
 title = {Trading convexity for scalability},
 year  = {2006},
 }

@article{Colorni91,
 author = {A. Colorni and M. Dorigo and V. Maniezzo},
 journal = {Proc. European Conference on Artificial Life},
 pages = {134--142},
 title = {Distributed optimization by ant colonies},
 year  = {1991},
 }

@article{cortes1995support,
 author = {C. Cortes and V. Vapnik},
 journal = {Machine Learning},
 pages = {273--297},
 title = {Support-vector networks},
 volume = {20},
 year  = {1995},
 }

@misc{cvx12a,
  author       = {{CVX Research, Inc.}},
  title        = {{CVX}: Matlab Software for Disciplined Convex Programming, version 2.0},
  howpublished = {\url{http://cvxr.com/cvx}},
  month        = aug,
  year         = 2012
}

@inproceedings{Dai12a,
 author = {L. Dai and K. Pelckmans},
 booktitle = {Proceedings of the 20th European Signal Processing Conference},
 title = {An ellipsoid based two-stage sreening test for BPDN},
 year  = {2012},
 }

@inproceedings{Davenport06,
 author = {Mark A Davenport and Richard G Baraniuk and Clayton D Scott},
 booktitle = {Proceedings of 2006 International Conference on Acoustics, Speech, and Signal Processing},
 pages = {589-592},
 title = {Controlling false alarms with support vector machines},
 volume = {v},
 year  = {2006},
 }

@article{Davenport11,
 author = {M A Davenport and R G Baraniuk and C D Scott},
 journal = {IEEE Transactions on Pattern Analysis and Machine Intelligence},
 title = {Tuning support vector machine for minimax and neyman-pearson classification},
 year  = {to appear},
 }

@article{DavFuWriLamEtAl06,
 author = {S. S. Dave and K. Fu and G. W. Wright and L. T. Lam et.al},
 journal = {The New England Journal of Medicine},
 number = {23},
 pages = {2431-2442},
 title = {Molecular diagnosis of burkitt's lymphoma},
 volume = {354},
 year  = {2006},
 }

@inproceedings{Davis07a,
 author = {J. Davis and B. Kulis and P. Jain and S. Sra and I. Dhillon},
 booktitle = {Proceedings of the 24th International Conference on Machine Learning},
 pages = {209-216},
 title = {Information-theoretic metric learning},
 year  = {2007},
 }

@misc{DDD,
 author = {DDD},
 institution = {DDD},
 title = {DDD},
 year  = {9999},
 }

%obsolete
 @inproceedings{DecWag00,
 author = {D. DeCoste and K. Wagstaff},
 booktitle = {Proceedings of the Sixth ACM SIGKDD International Conference on Knowledge Discovery and Data Mining},
 title = {Alpha seeding for support vector machines},
 year = {2000},
 pages = {345-349},
 }

@inproceedings{decoste00a,
 author = {D. DeCoste and K. Wagstaff},
 booktitle = {Proceeding of the Sixth ACM SIGKDD International Conference on Knowledge Discovery and Data Mining},
 title = {Alpha seeding for support vector machines},
 year = {2000},
}

@article{DenSheHosEtAl03,
 author = {G. Dennis Jr and B.T Sherman and D.A Hosack and J. Yang and W. Gao and H C Lane and R A Lempicki},
 journal = {Genome Biology},
 number = {P3},
 title = {DAVID:Database for annotation, visualization, and integrated discovery},
 volume = {4},
 year = {2003},
 }

@article{DetNeuPil06,
 author = {H. Dette and N. Neumeyer and K. F. Pilz},
 journal = {Bernoulli},
 number = {3},
 pages = {469-490},
 title = {A simple nonparametric estimator of a strictly monotone regressin function},
 volume = {12},
 year = {2006},
 }

@inproceedings{Domingos99,
 author = {Pedro Domingos},
 booktitle = {Proceedings of the 5th International Conference on Knowledge Discovery and Data Mining},
 pages = {155-164},
 title = {A general method for making classifier cost sensitive},
 year = {1999},
 }

@article{DonSalDahEtAl03,
 author = {S.W Doniger and N. Salomonis and K.D Dahlquist and K. Vranizan and S.C Lawlor and B.R Conklin},
 journal = {Genome Biology},
 number = {R7},
 title = {Mappfinder:using Gene Ontology and GenMAPP to create a global gene-expression profile from microarray data},
 volume = {4},
 year = {2003},
 }

@article{Duan83,
 author = {N. Duan},
 journal = {Journal of the American Statistical Association},
 number = {383},
 pages = {605-610},
 title = {Smearing estimate: a nonparametric retransformation method},
 volume = {78},
 year = {1983},
 }

@article{DudFriSpe02,
 author = {S. Dudoit and J. Fridlyand and T. P. Speed},
 journal = {Journal of the American Statistical Association},
 number = {457},
 pages = {77-87},
 title = {Comparison of discrimination methods for the classification of tumors using gene expression data},
 volume = {97},
 year = {2002},
 }

@incollection{DugChaBenVinEtAl04,
 author = {C. Dugas and N. Chapados and Y. Bengio and P. Vincent and G. Denoncourt and C. Fournier},
 booktitle = {Intelligent and Other Computational Techniques in Insurance: Theory and Applications},
 chapter = {4},
 editor = {L. Jain and A. F. Shapiro},
 pages = {137-192},
 publisher = {World Scientific},
 title = {Neural network applied to automobile insurance ratemaking},
 year = {2004},
 }

@misc{EEE,
 author = {EEE},
 institution = {EEE},
 title = {EEE},
 year = {9999},
 }

@article{efron04a,
 author = {B. Efron and R. Tibshirani},
 journal = {Annals of Statistics},
 number = {2},
 pages = {407-499},
 title = {Least angle regression},
 volume = {32},
 year = {2004},
 }

@article{EfrTib04,
 author = {B. Efron and R. Tibshirani},
 journal = {Annals of Statistics},
 number = {2},
 pages = {407-499},
 title = {Least angle regression},
 volume = {32},
 year = {2004},
 }

@article{EfrTib07,
 author = {B. Efron and R. Tibshirani},
 journal = {Annals of Applied Statistics},
 number = {1},
 pages = {107-129},
 title = {On testing the significance of sets of genes},
 volume = {1},
 year = {2007},
 }

@article{EfrTibStoTus01,
 author = {B. Efron and R. Tibshirani and J. D. Storey and V. Tusher},
 journal = {Journal of American Statistical Association},
 number = {456},
 pages = {1151-1160},
 title = {Empirical bayes analysis of a microarray experiment},
 volume = {96},
 year = {2001},
 }

@article{EisSpeBroBot98,
 author = {M. B. Eisen and P. T. Spellman and P. O. Brown and D. Botstein},
 journal = {PNAS},
 pages = {14863-14868},
 title = {Cluster analysis and display of genome-wide expression patterns},
 volume = {95},
 year = {1998},
 }


@article{ElGhaoui12a,
 author = {L. {El~Ghaou}i and V. Viallon and T. Rabbani},
 journal = {arXiv},
 title = {safe feature elimination in sparse supervised learning},
 year = {2010},
 }

@article{ElGhaoui12b,
 author = {L. {El~Ghaoui} and V. Viallon and T. Rabbani},
 title = {Safe feature elimination in sparse supervised learning},
 journal = {Paci�… Journal of Optimization},
 volume = {8},
 number = {},
 pages = {667-698},
 year = {2012},
 }

@inproceedings{Elkan01,
 author = {Charles Elkan},
 booktitle = {Proceedings of the 17th International Conference on Artificial Intelligence},
 pages = {973-978},
 title = {The foundations of cost-sensitive learning},
 year = {2001},
 }

@article{Engle82,
 author = {R. Engle},
 journal = {Econometrica},
 pages = {987-1008},
 title = {Autoregressive conditional heteroscedasticity with estimates of the variance of united kingdom inflations},
 volume = {50},
 year = {1982},
 }

@article{Engle83,
 author = {R. Engle},
 journal = {Journal of Money Credit, and Banking},
 pages = {286-301},
 title = {Estimates of the variance of U.S. Inflation based on the ARCH model},
 volume = {15},
 year = {1983},
 }

@article{fan01a,
 author = {J. Fan and R. Li},
 journal = {Journal of the American Statistical Association},
 pages = {1348-1360},
 title = {Variable selection via nonconcave penalized likelihood and its oracle properties},
 volume = {96},
 year = {2001},
 }

@article{Fan08a,
 author = {J. Fan and J. Lv},
 journal = {Journal of The Royal Statistical Society B},
 pages = {849--911},
 title = {Sure independence screening for ultrahigh dimensional feature space},
 volume = {70},
 year = {2008},
 }

@article{Fan08b,
 author = {Fan, Rong-En and Chang, Kai-Wei and Hsieh, Cho-Jui and Wang, Xiang-Rui and Lin, Chih-Jen},
 journal = {Journal of Machine Learning Research},
 pages = {1871--1874},
 title = {{LIBLINEAR}: A library for large linear classification},
 volume = {9},
 year = {2008},
 }

@article{Fan96,
 author = {A. Frangioni},
 journal = {Computers & Operations Research},
 number = {11},
 pages = {1099-1118},
 title = {Solving Semidefinite Quadratic Problems Within Nonsmooth Optimization Algorithms},
 volume = {23},
 year = {1996},
 }

@inproceedings{Fan99,
 author = {Wei Fan and Salvatore J Stolfo and Junxin Zhang and Philip K Chan},
 booktitle = {Proceedings of the 16th International Conference on Machine Learning},
 pages = {97-105},
 title = {AdaCost: misclassification cost-sensitive boosting},
 year = {1999},
 }

@article{FanYaoTon96,
 author = {J. Fan and Q. Yao and H. Tong},
 journal = {Biometrika},
 pages = {189-206},
 title = {Estimation of conditional densities and sensitivity measures in nonlinear dynamical systems},
 volume = {83},
 year = {1996},
 }

@inproceedings{fazel01a,
 author = {M. Fazel and H. Hindi and S. P. Boyd},
 booktitle = {Proceedings of the American Control Conference},
 pages = {4734-4739},
 title = {A rank minimization heuristic with application to minimum order system approximation},
 volume = {6},
 year = {2001},
 }


@misc{FFF,
 author = {FFF},
 institution = {FFF},
 title = {FFF},
 year = {9999},
 }

@article{FleMat85,
 author = {R. Fletcher and S. P. J. Matthews},
 journal = {Mathematics of Computation},
 number = {172},
 pages = {471-485},
 title = {A Stable Algorithm for Updating Triangular Factors Under a Rank One Change},
 volume = {45},
 year = {1985},
 }

@book{Fletch87,
 author = {R. Fletcher},
 publisher = {Wiley},
 title = {Practical Methods of Optimization},
 year = {1987},
 }

@book{Fletcher87,
 author = {R. Fletcher},
 publisher = {Wiley},
 title = {Practical Methods of Optimization},
 year = {1987},
 }

@article{Freund09,
 author = {Y. Freund},
 journal = {arXiv:0905.2138},
 title = {A more robust boosting algorithm},
 year = {2009},
 }

@article{Friedman00a,
 author = {J. Friedman and T. Hastie and H. H\''{o}fling and R. Tibshirani},
 journal = {Annals of Statistics},
 pages = {337-407},
 title = {Additive logistic regression: a statistical view of boosting},
 volume = {28},
 year = {2000},
 }

@article{Friedman07a,
 author = {J. Friedman and T. Hastie and H. Ho"fling and R. Tibshirani},
 institution = {Annals of Applied Statistics},
 number = {2},
 pages = {302-332},
 title = {Pathwise coordinate optimization},
 volume = {1},
 year = {2007},
 }

@article{Friedman10a,
 author = {J. Friedman and T. Hastie and R. Tibshirani},
 journal = {Journal of Statistical Software},
 number = {1},
 pages = {1--22},
 title = {Regularization Paths for Generalized Linear Models via Coordinate Descent},
 volume = {33},
 year = {2010},
 }

@article{FriHasTib00,
 author = {J. H. Friedman and T. Hastie and R. Tibshirani},
 journal = {Annals of Statistics},
 pages = {337-407},
 title = {Additive logistic regression: a statistical view of boosting},
 volume = {28},
 year = {2000},
 }

@article{FriRaf79,
 author = {J. H. Friedman and L. C. Rafsky},
 journal = {Annals of Statistics},
 number = {4},
 pages = {697-717},
 title = {Multivariate Generalizations of The Wald-Wolfowits and Smirnov Two-Sample Tests},
 volume = {7},
 year = {1979},
 }

@article{Fu98a,
 author = {W. J. Fu},
 journal = {Journal of Computational and Graphical Statistics},
 pages = {3},
 title = {Penalized regressions: The bridge versus the lasso},
 volume = {7},
 year = {1998},
 }

@article{FureyEtAl00,
 author = {T. S. Furay et al.},
 journal = {Bioinformatics},
 pages = {906-914},
 title = {Support vector machine classification and validation of cancer tissue samples using microarray data},
 volume = {16},
 year = {2000},
 }

@book{Gal95,
 author = {T. Gal},
 publisher = {Walter de Gruyter},
 title = {Postoptimal Analysis, Parametric Programming, and Related Topics},
 year = {1995},
 }

@article{GeDudSpe03,
 author = {Y. Ge and S. Dudoit and T. P. Speed},
 journal = {The Statistician},
 number = {4},
 pages = {407-436},
 title = {Resampling-based Multiple Testing for Microarray Data Analysis},
 volume = {45},
 year = {1996},
 }

@article{Geibel04,
 author = {Peter Geibel and Ulf Brefeld and Fritz Wysotzki},
 journal = {Intelligent Data Analysis},
 number = {5},
 pages = {439-455},
 title = {Perceptron and SVM learning with generalized cost models},
 volume = {8},
 year = {2004},
 }

@misc{GGG,
 author = {GGG},
 institution = {GGG},
 title = {GGG},
 year = {9999},
 }

@article{Giesen12a,
 author = {J. Giesen and M. Jaggi and S. Laue},
 journal = {ACM Transactions on Algorithms},
 title = {Approximating parameterized convex optimization problems},
 volume = {9},
 year = {2012},
 }

@inproceedings{Giesen12b,
 author = {J. Giesen and J. Mueller and S. Laue and S. Swiercy},
 booktitle = {Advances in Neural Information Processing Systems 25},
 pages = {2114--2122},
 title = {Approximating Concavely Parameterized Optimization Problems},
 year = {2012},
 }

@inproceedings{GiladBachrach04,
 author = {R. Gilad-Bachrach and A. Navot and N. Tishby},
 booktitle = {Proceedings of the 21st International Conference on Machine Learning},
 pages = {43-50},
 title = {Margin based feature selection - theory and algorithms},
 year = {2004},
 }

@article{GoeGeeKorEtAl03,
 author = {J.J. Goeman and S.A. van de Geer and F. de Kort and H.C. van Houwelingen},
 journal = {Bioinformatics},
 number = {1},
 pages = {93-99},
 title = {A global test for groups of genes:testing association with a clinical outcome},
 volume = {20},
 year = {2003},
 }

@incollection{Goldberger05,
 address = {Cambridge, MA},
 author = {J. Goldberger and S. Roweis and G. Hinton and R. Salakhutdinov},
 booktitle = {Advances in Neural Information Processing Systems 17},
 editor = {L. K. Saul and Y. Weiss and L. Bottou},
 original = {0513_121.PDF},
 pages = {513-520},
 publisher = {MIT Press},
 title = {Neighbourhood Components Analysis},
 year = {2005},
 }

@incollection{GolRowHinSal,
 address = {Cambridge, MA},
 author = {Jacob {Goldberger} and Sam {Roweis} and Geoffrey {Hinton} and Ruslan {Salakhutdinov}},
 booktitle = {Advances in Neural Information Processing Systems 17},
 editor = {Lawrence K. Saul and Yair Weiss and {L\'{e}on} Bottou},
 original = {0513_121.PDF},
 pages = {513-520},
 publisher = {MIT Press},
 title = {Neighbourhood Components Analysis},
 year = {2005},
 }

@article{GolSloTamHuaEtAl99,
 author = {T. R. Golub and D. K. Slonim and P. Tamayo and C. Huard and M. Gaasenbeek and J. P. Mesirov and H. Coller and M. L. Loh and J. R. Downing and M. A. Caligiuri and C. D. Bloomfield and E. S. Lander},
 journal = {Science},
 pages = {531-537},
 title = {Molecular classification of cancer: class discovery and class prediction by gene expression monitoring},
 volume = {286},
 year = {1999},
 }

@article{GooZer03,
 author = {J. G. DeGooijer and D. Zerom},
 journal = {Journal of the American Statistical Association},
 pages = {135-146},
 title = {On additive conditional quantiles with high-dimensional covariates},
 volume = {98},
 year = {2003},
 }

@incollection{Grant08,
 author = {Michael Grant and Stephen Boyd},
 title = {Graph implementations for nonsmooth convex programs},
 booktitle = {Recent Advances in Learning and Control},
 series = {Lecture Notes in Control and Information Sciences},
 editor = {V. Blondel and S. Boyd and H. Kimura},
 publisher = {Springer-Verlag Limited},
 pages = {95--110},
 year = 2008,
 note = {\url{http://stanford.edu/~boyd/graph_dcp.html}}
}

@article{GreDasHoEtAl06,
 author = {T. C. Greiner and C. Dasgupta and V. V. Ho et.al.},
 journal = {Proceedings of Natural Academy of Science, {USA}},
 pages = {2352-2357},
 title = {Mutation and genomic deletion status of ataxia telangiectasia mutated (ATM) and p53 confer specific gene expression profiles in mantle cell lymphoma},
 volume = {103},
 year = {2006},
 }

@book{Greene00,
 author = {W. H. Greene},
 publisher = {Prentice Hall},
 title = {Econometric analysis (4th ed.)},
 year = {2000},
 }

@article{GumWacMaiEtAl06,
 author = {F. Gumy-Pause and P. Wacker and P. Maillet et.al.},
 journal = {Cancer Genet. Cytogenet.},
 pages = {101-111},
 title = {ATM alterations in childhood non-Hodgkin lymphoma},
 volume = {166},
 year = {2006},
 }

@article{Gunter07,
 author = {L. Gunter and J. Zhu},
 journal = {Neural Computation},
 number = {6},
 pages = {1633-1655},
 title = {Efficient computation and model selection for the support vector regression},
 volume = {19},
 year = {2007},
 }

@inproceedings{GurSri99,
 author = {Guralnik, V. and Srivastave, J.},
 booktitle = {Proc. 5th ACM SIGKDD Int'l. Conf. on Data Mining and Knowledge Discovery},
 pages = {32-42},
 title = {Event detection from time series data},
 year = {1999},
 }

@article{Guyon02,
 author = {I. Gyuon and J. Weston and S. Barnhill},
 journal = {Machine Learning},
 pages = {389-422},
 title = {Gene selection for cancer classification},
 volume = {46},
 year = {2002},
 }

@article{Haberm96,
 author = {Haberman, S. and Renshaw, A. E.},
 journal = {The Statistician},
 number = {4},
 pages = {407-436},
 title = {Generalized linear models and actuarial science},
 volume = {45},
 year = {1996},
 }

@article{Hadi93,
 author = {A. S. Hadi and J. S. Simonoff},
 journal = {Journal of the American Statistical Association},
 number = {424},
 pages = {1264--1272},
 title = {Procedures for the identification of multiple outlier in linear models},
 volume = {88},
 year = {1993},
 }

@book{HajSid67,
 author = {J. Hajek and Z. Sidak},
 publisher = {Academia},
 title = {Theory of rank tests},
 year = {1967},
 }

@article{HalJur99,
 author = {Hallin, M. and Jureckova, J.},
 journal = {Annals of Statistics},
 pages = {1385-1414},
 title = {Optimal tests for autoregressive models based on autoregressin rank scores},
 volume = {27},
 year = {1999},
 }

@article{HalTaj02,
 author = {P. Hall and N. Tajvidi},
 journal = {Biometrika},
 number = {2},
 pages = {359-374},
 title = {Permutation tests for equality of distributions in high-dimensional settings},
 volume = {89},
 year = {2002},
 }

@article{HalWolYao99,
 author = {P. Hall and R.C.L.Wolff and Q. Yao},
 journal = {Journal of the American Statistical Association},
 pages = {154-63},
 title = {Methods for estimating a conditional distribution function},
 volume = {94},
 year = {1999},
 }

@book{Hamilt94,
 author = {J. D. Hamilton},
 publisher = {Princeton University Press},
 title = {Time series analysis},
 year = {1994},
 }

@book{Hampel86,
 author = {F. Hampel and E. Ronchetti and P. Rousseeuw and W. Stahel},
 publisher = {Wiley},
 title = {Robust Statistics: The Approach Based on Influence Functions},
 year = {1986},
 }

@article{HarJafSteBanEtAl94,
 author = {N. L. Harris and E. S. Jaffe and H. Stein and P. M. Banks et al},
 journal = {Blood},
 number = {5},
 pages = {1361-1392},
 title = {A revised european-american classification of lymphoid neoplasms: a proposal from the international lymphoma study group},
 volume = {84},
 year = {1994},
 }

@article{HasRosTibZhu04,
 author = {T. Hastie and S. Rosset and R. Tibshirani and J. Zhu},
 journal = {Journal of Machine Learning Research},
 pages = {1391-415},
 title = {The entire regularization path for the support vector machine},
 volume = {5},
 year = {2004},
 }

@book{HasTibFri01,
 author = {T. Hastie and R. Tibshirani and J. Friedman},
 publisher = {Springer},
 title = {The Elements of Statistical Learning},
 year = {2001},
 }

@article{Hastie04a,
 author = {T. Hastie and S. Rosset and R. Tibshirani and J. Zhu},
 journal = {Journal of Machine Learning Research},
 pages = {1391-415},
 title = {The entire regularization path for the support vector machine},
 volume = {5},
 year = {2004},
 }

@article{Hastie96,
 author = {T. Hastie and R. Tibshirani},
 journal = {IEEE Transactions on Pattern Analysis and Machine Intelligence},
 pages = {607-615},
 title = {Discriminant adaptive nearest neighbor classification},
 volume = {18},
 year = {1996},
 }

@article{he03a,
 author = {J. He},
 journal = {Applied Mathematics and Computation},
 pages = {73-79},
 title = {Homotopy perturbation method: a new nonlinear analytical technique},
 volume = {135},
 year = {2003},
 }

@inproceedings{He04,
 author = {X. He and P. Niyogi},
 booktitle = {Advances in Neural Information Processing Systems},
 editor = {S. Thrun and L. Saul and B. Sch\"{o}kopf},
 title = {Locality preserving projections},
 volume = {16},
 year = {2004},
 }

@article{He97,
 author = {X. He},
 journal = {The American Statistician},
 pages = {186-92},
 title = {Quantile curves without crossing},
 volume = {51},
 year = {1997},
 }

@article{Henze88,
 author = {B. Henze},
 journal = {Annals of Statistics},
 number = {2},
 pages = {772-783},
 title = {A multivariate two-sample test based on the number of nearest neighbor type coincidences},
 volume = {16},
 year = {1988},
 }

@misc{HHH,
 author = {HHH},
 institution = {HHH},
 title = {HHH},
 year = {9999},
 }

@inproceedings{hocking11a,
 author = {T. Hocking and j. P. Vert and F. Bach and A. Joulin},
 booktitle = {Proceedings of the 28th International Conference on Machine Learning},
 pages = {745-752},
 title = {Clusterpath: an algorithm for clustering using convex fusion penalties},
 year = {2011},
 }

@article{Hoffma04,
 author = {E. P. Hoffman et al.},
 journal = {Nature Review},
 pages = {229-237},
 title = {Expression profiling - best practices for data generation and interpretation in clinical trials},
 volume = {5},
 year = {2004},
 }

@article{HonKhaPow02,
 author = {B. Honore and S. Khan and J. L. Powell},
 journal = {Journal of Econometrics},
 pages = {67-105},
 title = {Quantile regression under random censoring},
 volume = {109},
 year = {2002},
 }

@book{HorJoh85,
 author = {R. Horn and C. R. Johnson},
 publisher = {Cambridge University Press},
 title = {Matrix analysis},
 year = {1985},
 }

@book{Hromkovic01,
 author = {J. Hromkovic},
 publisher = {Springer},
 title = {Algorithmics for Hard Problems},
 year = {2001},
 }

@article{Hsieh08a,
 author = {C. J. Hsieh and K. W. Chang and C. J. Lin},
 journal = {Proceedings of the 25th International Conference on Machine Learning},
 title = {A dual coordinate descent method for large-scale linear SVM},
 year = {2008},
 }

@book{Huber82,
 author = {P. J. Huber},
 publisher = {John Wiley \& Sons Inc.},
 title = {Robust Statistics},
 year = {1982},
 }

@article{hunter05a,
 author = {D. R. Hunter and R. Li},
 journal = {Annals of Statistics},
 pages = {1617-1642},
 title = {Variable selection using MM algorithms},
 volume = {33},
 year = {2005},
 }

@article{HynBasGru96,
 author = {R.J. Hyndman and D.M. Bashtannyk and G.K. Grunwald},
 journal = {Journal of Computational and Graphical Statistics},
 pages = {315-36},
 title = {Estimating and visualizing conditional densities},
 volume = {5},
 year = {1996},
 }

@misc{III,
 author = {III},
 institution = {III},
 title = {III},
 year = {9999},
 }

@article{JacJorNorHin91,
 author = {R. A. Jacobs and M. I. Jordan and S. J. Nowlan and G. E. Hinton},
 journal = {Neural Computation},
 pages = {79-87},
 title = {Adaptive mixtures of local experts},
 volume = {3},
 year = {1991},
 }

@book{JafHarSteVar01,
 address = {Lyon, France},
 editor = {E. S. Jaffe and N. L. Harris and H. Stein and J. Q. Vardiman},
 publisher = {IARC Press},
 title = {World Health Organization Classification of Tumors: Pathology and Genetics of Tumours of Hematopoietic and Lymphoid Tissues},
 year = {2001},
 }

@article{james09a,
 author = {G. M. James and P. Radchenko and J. Lv},
 journal = {Journal of The Royal Statistical Society B},
 pages = {127-142},
 title = {DASSO: connections between the Dantzig selector and lasso},
 volume = {71},
 year = {2009},
 }

@article{Jenatton10,
 author = {R. Jenatton and J. Y. Audibert and F. Back},
 ee = {http://arxiv.org/abs/0904.3523},
 journal = {arXiv:0904.3523},
 title = {Structured variable selection with sparsity-inducing norms},
 year = {2009},
 }

@misc{JJJ,
 author = {JJJ},
 institution = {JJJ},
 title = {JJJ},
 year = {9999},
 }

@article{Joachims03,
 author = {T. Joachims},
 journal = {Proceedings of ICML-03, 20th International Conference on Machine Learning},
 title = {Transductive learning via spectral graph partitioning},
 year = {2003},
 }

@inproceedings{joachims05a,
 author = {T. Joachims},
 booktitle = {Proceedings of the 22th International Conference on Machine Learning},
 title = {A Support Vector Method for Multivariate Performance Measures},
 year = {2005},
 }

% ----- obs -----
 @inproceedings{Joachims05,
 author = {T. Joachims},
 booktitle = {Proceedings of the 22th International Conference on Machine Learning},
 title = {A Support Vector Method for Multivariate Performance Measures},
 year = {2005},
 }

@inproceedings{joachims06a,
 author = {T. Joachims},
 booktitle = {Proceedings of the 12th ACM Conference on Knowledge Discovery and Data Mining},
 title = {Training Linear SVMs in Linear Time},
 year = {2006},
 }

% ----- obs -----
 @inproceedings{Joachims06,
 author = {T. Joachims},
 booktitle = {Proceedings of the 12th ACM Conference on Knowledge Discovery and Data Mining},
 title = {Training Linear SVMs in Linear Time},
 year = {2006},
 }

@article{Joachims99,
 author = {T. Joachims},
 journal = {International Conference on Machine Learning},
 title = {Transductive inference for text classification using support vector machines},
 year = {1999},
 }

@incollection{Joachims99b,
 author = {T. Joachims},
 booktitle = {Advances in Kernel Methods - Support Vector Learning},
 editor = {B. Scholkopf and C. J. C. Burges and A. J. Smola},
 pages = {169--184},
 publisher = {MIT Press},
 title = {Making large-Scale SVM Learning Practical},
 year = {1999},
 }

@article{JonMarShe96,
 author = {M. C. Jones and J. S. Marron and S. J. Sheather},
 journal = {Journal of the American Statistical Association},
 number = {433},
 pages = {401-407},
 title = {A Brief Survey of Bandwidth Selection for Density Estimation},
 volume = {91},
 year = {1996},
 }

@article{Kanamori09,
 author = {T. Kanamori and S. Hido and M. Sugiyama},
 journal = {Journal of Machine Learning Approach},
 pages = {1391-1445},
 title = {A least-squares approach to direct importance estimation},
 volume = {10},
 year = {2009},
 }

@article{KanTak06,
 author = {T. Kanamori and I. Takeuchi},
 journal = {Computational Statistics and Data Analysis},
 number = {12},
 pages = {3605-3618},
 title = {Conditional mean estimation under asymmetric and heteroscedastic error by linear combination of quantile regressions},
 volume = {50},
 year = {2006},
 }

@inproceedings{Karakoulas99,
 author = {G Karakoulas and J Shawe-Taylor},
 booktitle = {Proceedings of the 13th International Conference on Neural Information Processing Systems},
 title = {Optimizing classifieres for imbalanced training sets},
 year = {1999},
 }

@incollection{Karasuyama09a,
 author = {M. Karasuyama and I. Takeuchi},
 booktitle = {Advances in Neural Information Processing Systems 21},
 pages = {907--915},
 title = {Multiple Incremental Decremental Learning of Support Vector Machines},
 year = {2009},
 }

@article{Karasuyama10,
 author = {M. Karasuyama and I. Takeuchi},
 journal = {IEEE Transactions on Neural Networks},
 pages = {1048-1059},
 title = {Multiple incremental decremental learning of support vector machines},
 volume = {21},
 year = {2010},
 }

@article{Karasuyama10b,
 author = {M Karasuyama and N Harada and M Sugiyama and I Takeuchi},
 ee = {http://arxiv.org/abs/1079.4791},
 journal = {arXiv:1079.4791},
 title = {Multi-parametric solution-path algorithm for instance-weighted support vector machines},
 year = {2010},
 }

@article{Karasuyama11,
 author = {M. Karasuyama and I. Takeuchi},
 journal = {IEEE Transactions on Neural Networks},
 number = {10},
 pages = {1613-1625},
 title = {Nonlinear Regularization Path for Quadratic Loss Support Vector Machines},
 volume = {22},
 year = {2010},
 }

@article{Karasuyama12a,
 author = {M. Karasuyama and N. Harada and M. Sugiyama and I. Takeuchi},
 journal = {Machine Learning},
 number = {3},
 pages = {297--330},
 title = {Multi-parametric Solution-path Algorithm for Instance-weighted Support Vector Machines},
 volume = {88},
 year = {2012},
 }

@article{Keerthi05,
 author = {S. S. Keerthi and D. DeCoste},
 journal = {Journal of Machine Learning Research},
 title = {A modified finite newton method for fast solution of large scale linear SVMs},
 volume = {6},
 year = {2005},
 }

@article{KeeShe03,
 author = {S. S. Keerthi and S. K. Shevade},
 journal = {Neural Computation},
 number = {2},
 pages = {487-507},
 title = {{SMO} algorithm for least-squares {SVM} formulations},
 volume = {15},
 year = {2003},
 }

@article{Kimeldorf71a,
 author = {G. S. Kimeldorf and G. Wahba},
 journal = {Journal of Mathematical Analysis and Applications},
 pages = {82-95},
 title = {Some results on {T}chebycheffian spline functions},
 volume = {33},
 year = {1971},
 }

@inproceedings{Kira92,
 author = {K. Kira and L. Rendell},
 booktitle = {Proceedings of the 9-th International Conference on Machine Learning},
 pages = {249-256},
 title = {A practical approach to feature selection},
 year = {1992},
 }

@article{Kirkpatrick83,
 author = {S. Kirkpatrick and C. D. Gelatt},
 journal = {Science},
 pages = {671--680},
 title = {Optimization by simulated annealing},
 volume = {220},
 year = {1983},
 }

@misc{KKK,
 author = {KKK},
 institution = {KKK},
 title = {KKK},
 year = {9999},
 }

@book{Koe05,
 author = {R. Koenker},
 publisher = {Cambridge University Press},
 title = {Quantile Regression.},
 year = {2005},
 }

@article{KoeBas78,
 author = {R. Koenker and G. Bassett},
 journal = {Econometrica},
 number = {1},
 pages = {33-50},
 title = {Regression quantiles},
 volume = {46},
 year = {1978},
 }

@article{KoeNgPot94,
 author = {R. Koenker and P. Ng and S. Portnoy},
 journal = {Biometrika},
 pages = {673-680},
 title = {Quantile smoothing splines},
 volume = {81},
 year = {1994},
 }

@book{Koenke05,
 author = {R. Koenker},
 publisher = {Cambridge University Press},
 title = {Quantile regression},
 year = {2005},
 }

@article{KoePar96,
 author = {R. Koenker and B. Park},
 journal = {Journal of Econometrics},
 pages = {265-283},
 title = {An Interior Point Algorithm for Nonlinear Quantile Regression},
 volume = {71},
 year = {1996},
 }

@article{Koh07a,
 author = {K. Koh and S. J. Kim and S. P. Boyd},
 journal = {Journal of Machine Learning Research},
 pages = {1519--1555},
 title = {An interior-point method for large-scale {$l_1$}-regularized logistic regression.},
 volume = {8},
 year = {2007},
 }

@article{Kohavi97,
 author = {R. Kohavi and G. H. John},
 journal = {Artificial Intelligence},
 pages = {273-324},
 title = {Wrappers for feature subset selection},
 volume = {97},
 year = {1997},
 }

@article{KohSusRyz81,
 author = {H. Koul and V. Susarla and J. Van Ryzin},
 journal = {The Annals of Statistics},
 pages = {1276-1288},
 title = {Regression analysis with randomly right censored data},
 volume = {9},
 year = {1981},
 }

@inproceedings{Kononenko94,
 author = {I. Kononenko},
 booktitle = {Proceedings of European Conference on Machine Learning},
 pages = {171-182},
 title = {Estimating attributes: analysis and extensions of RELIEF},
 year = {1994},
 }

@article{KonPuPar06,
 author = {S. W. Kong and W. T. Pu and P J. Park},
 journal = {Bioinformatics},
 number = {19},
 pages = {2373-2380},
 title = {A multivariate approach for integrating genome-wide expression data and biological knowledge},
 volume = {22},
 year = {2006},
 }

@inproceedings{krause04a,
 author = {N. Krause and Y. Singer},
 booktitle = {Proceedings of the 21st International Conference on Machhine Learning},
 pages = {63-70},
 title = {Leveraging the margin more carefully},
 year = {2004},
 }

@inproceedings{KriSenZha03,
 author = {Krishnamurthy, B. and Sen, S. and Ahang, Y.},
 booktitle = {Proc. Internert Measurement Conference},
 title = {Sketch-based change detection: methods, evaluation, and applications},
 year = {2003},
 }

@inproceedings{Krishnamurthy09,
 author = {V. Krishnamurthy and S. D. Ahipasaoglu and A. d'Aspremont},
 booktitle = {NIPS 2009 Workshop on Optimization for Machine Learning},
 title = {A Pathwise Algorithm for Covariance Selection},
 year = {2009},
 }

@inproceedings{Kubat97,
 author = {M Kubat and S Matwin},
 booktitle = {Proceedings of the 14th International Conference on Machine Learning},
 pages = {79-186},
 title = {Addressing the curse of imbalanced training stes: one-sided selection},
 year = {1997},
 }

@incollection{Lal06,
 author = {T. N. Lal and O. Chapelle and J. Weston and A. Elisseeff},
 booktitle = {Feature extraction, foundations and applications},
 editor = {I.Guyon and S. Gunn and M. Nikravesh and L. A. Zadeh},
 pages = {137-165},
 publisher = {Springer-Verlag},
 title = {Embedded methods},
 year = {2006},
 }

@article{LamCraPecModEtAl06,
 author = {J. Lamb and E. D. Crawford and D. Peck and J. W. Modell et al.},
 journal = {Science},
 page = {1929-1935},
 title = {The connectivity map: using gene-expression signatures to connect small molecules, genes and disease},
 volume = {313},
 year = {2006},
 }

@article{LamRamForEtAl03,
 author = {J. Lamb and S. Ramaswamy and H. L. Ford and B. Contreras and R. V. Martinez and F. S. Kittrell and C. A. Zahnow and N. Patterson and T. R. Golub and M. E. Ewen},
 journal = {Cell},
 page = {323-334},
 title = {A Mechanism of Cyclin D1 Action Encoded in the Patterns of Gene Expression in Human Cancer},
 volume = {114},
 year = {2003},
 }

@article{LasGehKruEtAl06,
 author = {Laskov, P. and Gehl, C. and Kruger, S. and Muller, K. R.},
 journal = {Journal of Machine Learning Research},
 pages = {1909-1936},
 title = {Incremental support vector learning: analysis, implementation and applications},
 volume = {7},
 year = {2006},
 }

@inproceedings{LazErtOzgEtAl03,
 author = {Lazarevic, A. and Ertoz, L. and Ozgur, A. and Srivastava, J. and Kumar, V.},
 booktitle = {Proc. 5th ACM SIGKDD Int'l. Conf. on Data Miing and Knowledge Discovery},
 pages = {32-42},
 title = {A comparative study of anomaly detection schemes in network intrusion detection},
 year = {1999},
 }

@article{Lee06,
 author = {Lee, Y. and Cui, Z.},
 journal = {Statistica Sinica},
 number = {2},
 pages = {391-409},
 title = {Characterizing the solution path of multicategory support vector machines},
 volume = {16},
 year = {2006},
 }

@inproceedings{Lee07,
 author = {G. Lee and C. Scott},
booktitle = {Proceedings of the 38th IEEE International Conference on Acoustics, Speech, and Signal Processing},
 pages = {II521-II524},
 title = {The one class support vector machine solution path},
 year = {2007},
 }

@article{lee10a,
 author = {G. Lee and C. Scott},
 journal = {IEEE Transactions on Signal Processing},
 number = {3},
 pages = {1648-1660},
 title = {Nested Support Vector Machines},
 volume = {58},
 year = {2010},
 }

@article{LeeMonDabSto06,
 author = {J. T. Leek and E. Monsen and A. R. Dabney and J. D. Storey},
 journal = {Bioinformatics},
 number = {4},
 pages = {507-508},
 title = {SDGE: extraction and analysis of differential gene expression},
 volume = {22},
 year = {2006},
 }

@article{Li08,
 author = {Li, Y. and Zhu, J.},
 journal = {Journal of Computational and Graphical Statistics},
 number = {1},
 pages = {163-185},
 title = {$L_1$-norm quantile regression},
 volume = {17},
 year = {2008},
 }

@article{Li09,
 author = {Y Li and B. L. Lu},
 journal = {Pattern Recognition},
 pages = {1914-1921},
 title = {Feature selection based on loss-margin of nearest neighbor classification},
 volume = {42},
 year = {2009},
 }

@article{LiLiuZhu07,
 author = {Y. Li and Y. Liu and J. Zhu},
 journal = {Journal of the American Statistical Association},
 number = {477},
 pages = {255-68},
 title = {Quantile Regression in Reproducing Kernel Hilbert Spaces},
 volume = {102},
 year = {2007},
 }

@article{Lin02,
 author = {Yi Lin and Yoonkyung Lee and Grace Wahba},
 journal = {Machine Learning},
 pages = {191-202},
 title = {Support vector machines for classification in nonstandard situations},
 volume = {46},
 year = {2002},
 }

@article{Liu05a,
 author = {Y. Liu and X. Shen and H. Doss},
 journal = {Journal of Computational and Graphical Statistics},
 pages = {219-236},
 title = {Multicategory $\psi$-learning and support vector machine: Computational tools},
 volume = {14},
 year = {2005},
 }

@article{Liu06a,
 author = {Y. Liu and X. Shen},
 journal = {Journal of the American Statistical Association},
 pages = {98},
 title = {Multicategory $\psi$-learning},
 volume = {101},
 year = {2006},
 }

@incollection{Liu09a,
 author = {H. Liu and J. Lafferty and L. Wasserman},
 booktitle = {Advances in Neural Information Processing Systems 21},
 editor = {D. Koller and D. Schuurmans and Y. Bengio and L. Bottou},
 pages = {969--976},
 title = {Nonparametric regression and classification with joint sparsity constraints},
 year = {2009},
 }

@misc{LLL,
 author = {LLL},
 institution = {LLL},
 title = {LLL},
 year = {9999},
 }

@article{Lin11a,
 title={Textual query of personal photos facilitated by large-scale web data},
 author={Y. Liu and D. T. Xu, I. W-H. Tsang and J. Luo},
 journal={IEEE Transactions on Pattern Analysis and Machine Intelligence},
 volume={33},
 number={5},
 pages={1022--1036},
 year={2011},
}

@inproceedings{Lin11b,
 title={Large-scale image classification: fast feature extraction and svm training},
 author={Y. Lin and F. Lv and S. Zhu and M. Yang and T. Cour and K. Yu and L. Cao and T. Huang},
 booktitle={Proceedings of the 24th IEEE Conference on Computer Vision and Pattern Recognition},
 pages={1689--1696},
 year={2011},
}

@article{Liu13a,
 author = {J. Liu and Z. Zhao and J. Wang and J. Ye},
 journal = {arXiv:1307.7577},
 title = {Safe screening with variational inequalities and its application to Lasso},
 year  = {2013},
 }

@article{Loosli07,
 author = {Loosli, G. and Gasso, G. and Canu, S.},
 journal = {Lecture Notes in Computer Science},
 number = {3},
 pages = {486-496},
 title = {Regularization paths for $\nu$-{SVM} and $\nu$-{SVR}},
 volume = {4493},
 year = {2007},
 }

@article{MaaPeaBar96,
 author = {J. Maa and D. D. Pearl and R. Bartoszynski},
 journal = {The Annals of Statistics},
 number = {3},
 pages = {1069-1074},
 title = {Reducing multidimensional two-sample data to one-dimensional interpoint comparisons},
 volume = {24},
 year = {1996},
 }

@inproceedings{Mairal12a,
 author = {J. Mairal and B. Yu},
 booktitle = {Proceedings of the 29th International Conference on Machine Learning},
 pages = {79-186},
 title = {Complexity analysis of the {LASSO} Regularization Path},
 year = {2012},
 }

@article{MamMarTurWan01,
 author = {E. Mammen and J. S. Marron and B. A. Turlach and M. P. Wand},
 journal = {Statistical Science},
 number = {3},
 pages = {232-248},
 title = {A gerenal projection framework for constrained smoothing},
 volume = {16},
 year = {2001},
 }

@article{ManMei05,
 author = {U. Mansmann and R. Meister},
 journal = {Methods of information in medicine},
 page = {449-453},
 title = {Testing Differential Gene Expression in Functional Groups},
 volume = {44},
 year = {2005},
 }

@book{Maronna06,
 author = {R. Maronna and R. D. Martin and V. Yohai},
 publisher = {Wiley},
 title = {Robust Statistics: Theory and Methods},
 year = {2006},
 }

@article{MarWan92,
 author = {J. S. Marron and M. P. Wand},
 journal = {The Annals of Statistics},
 pages = {712-736},
 title = {Exact mean integrated squared error},
 volume = {20},
 year = {1992},
 }

@incollection{Masnadi-Shirazi08,
 author = {H. Masnadi-Shiraze and N. Vasconcelos},
 booktitle = {Advances in Neural Information Processing Systems 21},
 pages = {1049--1056},
 title = {On the design of loss functions for classification: theory, robustness to outliers, and SavageBoost},
 year = {2008},
 }

@inproceedings{masnadi-shirazi08a,
 author = {H. Masnadi-Shirazi and N. Vasconcelos},
 booktitle = {Advances in Neural Information Processing Systems},
 pages = {1049-1056},
 title = {On the design of loss functions for classification: theory, robustness to outliers, and savageBoost},
 volume = {22},
 year = {2009},
 }

@inproceedings{Masnadi-Shirazi10a,
 author = {H Masnadi-Shirazi and N Vasconcelos},
 booktitle = {Proceedings of the 27th International Conference on Machine Learning},
 title = {Risk minimization, probability elicitation, and cost-sensitive SVMs},
 year = {2010},
 }

@incollection{mason00a,
 author = {H. Masnadi-Shiraze and N. Vasconcelos},
 booktitle = {Advances in Large Margin Classifiers},
 pages = {221-246},
 publisher = {MIT Press},
 title = {Functional gradient techniques for combining hypotheses},
 year = {2000},
 }

@article{MaThePer03,
 author = {J. Ma and J. Theiler and S. Perkins},
 journal = {Neural Computation},
 number = {11},
 pages = {2683-703},
 title = {Accurate on-line support vector regression},
 volume = {15},
 year = {2003},
 }

@article{mazumder11a,
 author = {R. Mazumder and J. H. Friedman and T. Hastie},
 journal = {Journal of the American Statistical Association},
 pages = {1125-1138},
 title = {SparseNet: coordinate descent with non-convex penalties},
 volume = {106},
 year = {2011},
 }

@book{MclNel89,
 author = {P. McCullaugh and J. A. Nelder},
 publisher = {Chapman and Hall},
 title = {Generalized linear models},
 year = {1989},
 }

@article{Meinsh06,
 author = {N. Meinshausen},
 journal = {Journal of Machine Learning Research},
 pages = {983-999},
 title = {Quantile regression forests},
 volume = {7},
 year = {2006},
 }

@misc{Meyer,
 author = {Meyer, M},
 howpublished = {\url{http://lib.stat.cmu.edu/index.php}},
 title = {StatLib},
 }

@article{Miller84,
 author = {D. M. Miller},
 journal = {The American Statistician},
 pages = {124-126},
 title = {Reducing transformation bias in curve fitting},
 volume = {38},
 year = {1984},
 }

@misc{MMM,
 author = {MMM},
 institution = {MMM},
 title = {MMM},
 year = {9999},
 }

@inproceedings{Ma09a,
 title = {Beyond blacklists: learning to detect malicious web sites from suspicious {URLs}},
 author = {J. Ma and L. K. Saul and S. Savage and G. M. Voelker},
 booktitle={Proceedings of the 15th ACM SIGKDD International Conference on Knowledge Discovery and Data Mining},
 pages={1245--1254},
 year={2009},
 organization={ACM}
}


@article{MolSimPfe05,
 author = {A. M. Molinaro and R. Simon and R. M. Pfeiffer},
 journal = {Bioinformatics},
 pages = {3301-3307},
 title = {Prediction error estimation: a comparison of resampling methods},
 volume = {21},
 year = {2005},
 }

@article{MooLinEriEtAl03,
 author = {V. K. Mootha and C. M. Lindgren and K. F. Eriksson and A. Subramanian and S. Sihag and J. Lehar and P. Puigserver and E. Carlsson and M. Ridderstrale and E. Laurila and N. Houstis and M. J. Daly and N. Patterson and J. P. Mesirov and T. R. Golub and P. Tamayo and B. Spiegelman and E. S. Lander and J. N. Hirschhorn and D. Altshuler and L. C. Groop},
 journal = {nature genetics},
 pages = {267-73},
 title = {PGC-1alpha-responsive genes involved in oxidative phosphorylation are coordinately downregulated in human diabetes},
 volume = {34},
 year = {2003},
 }

@article{NakTagSuzKarEtAl05,
 author = {Y. Nakashima and H. Tagawa and R. Suzuki and S. Karnan and K. Karube and K. Ohshima and K. Muta and H. Nawata and Y. Morishima and S. Nakamura and M. Seto},
 journal = {Genes, Chromosomes \& Cancer},
 pages = {247-255},
 title = {Genome-wide array-based comparative genomic hybridization of natural killer cell lymphoma/leukemia: different genomic alteration patterns of aggressive NK-cell leukemia and extranodal NK/T-cell lymphoma, Nasal type},
 volume = {44},
 year = {2005},
 }

@incollection{Nath09a,
 author = {J. S. Nath and G Dinesh and S. Ramanand and C Bhattacharyya and A Ben-Tal and K R Ramakrishnan},
 booktitle = {Advances in Neural Information Processing Systems 22},
 editor = {Y. Bengio and D. Schuurmans and J. Lafferty and C. K. I. Williams and A. Culotta},
 pages = {844--852},
 title = {On the Algorithmics and Applications of a Mixed-norm based Kernel Learning Formulation},
 year = {2009},
 }

@techreport{Nestrov07a,
 author = {Y. Nesterov},
 institution = {Center for Operations Research and Econometrics, Catholic University of Louvain},
 title = {Gradient methods for minimizing composite objective function},
 year = {2007},
 }


@inproceedings{NixWei94,
 author = {A. D. Nix and A. S. Weigend},
 booktitle = {Proceedings of the IEEE International Conference on Neural Networks},
 pages = {55-60},
 title = {Estimating the mean and variance of the target probability distribution},
 year = {1994},
 }

@misc{NNN,
 author = {NNN},
 institution = {NNN},
 title = {NNN},
 year = {9999},
 }

@book{Nocedal99,
 author = {J. Nocedal and S. J. Wright},
 publisher = {Springer},
 title = {Numerical optimization},
 year = {1999},
 }

@article{NycGraHaaMarEtAl95,
 author = {D. Nychka and G. Gray and P. Haaland and D. Martin and M. O'Connel},
 journal = {Journal of American Statistical Association},
 pages = {1171-1178},
 title = {A nonparametric regression approach to syringe grading for quality improvement},
 volume = {90},
 year = {1995},
 }

@techreport{Obozinski06a,
 author = {G. Obozinski and B. Taskar and M. Jordan},
 institution = {Department of Statistics, University of California, Berkeley},
 title = {Multi-task feature selection},
 year = {2006},
 }

@article{Obozinski10a,
 author = {G. Obozinski and B. Taskar and M. Jordan},
 journal = {Statistics and Computing},
 number = {2},
 pages = {231-252},
 title = {Joint covariate selection and joint sbspace selection for multiple classification problems},
 volume = {20},
 year = {2010},
 }


@misc{OOO,
 author = {OOO},
 institution = {OOO},
 title = {OOO},
 year = {9999},
 }

@article{osborne00a,
 author = {M. R. Osborne and B. Presnell and B. A. Turlach},
 journal = {IMA Journal of Numerical Analysis},
 number = {20},
 pages = {389-404},
 title = {A new approach to variable selection in least squares problems},
 volume = {20},
 year = {2000},
 }

@article{OshTagOhsKar06,
 author = {A. Oshiro and H. Tagawa and K. Ohshima and K. Karube and N. Uike and Y. Tashiro and A. Utsunomiya and M. Masuda and n. Takasu and S. Nakamura and Y. Morishima and M. Seto},
 journal = {Blood},
 pages = {4500-7},
 title = {Identification of subtype-specific genomic alterations in aggressive adult T-cell leukemia/lymphoma},
 volume = {107},
 year = {2006},
 }

@article{OtaTagKarTsu04,
 author = {A. Ota and H. Tagawa and S. Karnan and S. Tsuzuki and A. Karpas and S. Kira and Y. Yoshida and M. Seto},
 journal = {Cancer Research},
 pages = {3087-3095},
 title = {Identification and chracterization of a novel gene, C13orf25, as a target for 13q31-q32 amplification in malignant lymphoma},
 volume = {64},
 year = {2004},
 }

@article{PanLinHolEneEtAl06,
 author = {H. Pang and A. Lin and M. Holford and B. E. Enerson et.al},
 journal = {Bioinformatics},
 number = {16},
 pages = {2028-2036},
 title = {Pathway analysis using random forests classification and regression},
 volume = {22},
 year = {2006},
 }

@article{Park07,
 author = {Park, M.Y. and Hastie, T.},
 journal = {Journal of the Royal Statistical Society. Series B: Statistical Methodology},
 number = {4},
 pages = {659-677},
 title = {L1-regularization path algorithm for generalized linear models},
 volume = {69},
 year = {2007},
 }

@article{PavQinAraEtAl03,
 author = {P. Pavlidis and J. Qin and V. Arango and J. J. Mann and E. Sibille},
 journal = {Neucrochemical Research},
 number = {6},
 pages = {1213-1222},
 title = {Using the Gene Ontology for Microarray Data Mining : A Comparison of Methods and Application to Age Effects in Human Prefrontal Cortex},
 volume = {29},
 year = {2003},
 }

@incollection{Platt99a,
 author = {J. Platt},
 booktitle = {Advances in Kernel Methods - Support Vector Learning},
 editor = {B. Scholkopf and C. J. C. Burges and A. J. Smola},
 pages = {185-208},
 publisher = {MIT Press},
 title = {Fast training of support vector machines using sequential minimal optimization},
 year = {1999},
 }

@book{Pollar84,
 author = {D.~Pollard},
 publisher = {Springer-Verlag, New York},
 title = {Convergence of stochastic processes},
 year = {1984},
 }

@article{PolSorPerRee02,
 author = {J. R. Pollack and T. Sorlie and C. M. Perou and C. A. Rees et al.},
 journal = {Proc. Natl. Acad. Sci. USA},
 pages = {12963-8},
 title = {Microarray analysis reveals a major direct role of DNA copy number alteration in the transcriptional program of human breast tumors},
 volume = {99},
 year = {2002},
 }

@misc{PPP,
 author = {PPP},
 institution = {PPP},
 title = {PPP},
 year = {9999},
 }

@book{PreTeuVetFla92,
 author = {W. H. Press and S. A. Teukolsky and W. T. Vetterling and B. B. Flannery},
 publisher = {Cambridge University Press},
 title = {Numerical Recipes in C},
 year = {1992},
 }

@article{Provost01,
 author = {Foster Provost and Tom Fawcett},
 journal = {Machine Learning},
 number = {3},
 pages = {203-231},
 title = {robust classification for imprecise environments},
 volume = {42},
 year = {2001},
 }

@article{QinTsa03,
 author = {G. Qin and M. Tsao},
 journal = {Journal of Multivariate Analysis},
 pages = {416-430},
 title = {Empirical likelihood inference for median regression models for censored survival data},
 volume = {85},
 year = {2003},
 }

@misc{QQQ,
 author = {QQQ},
 institution = {QQQ},
 title = {QQQ},
 year = {9999},
 }

@book{Quinla93,
 author = {J. R. Quinlan},
 publisher = {Morgan Kaufmann},
 title = {C4.5: programs for machine learning},
 year = {1993},
 }

@article{Ramsay98,
 author = {J. O. Ramsay},
 journal = {Journal of The Royal Statistical Society B},
 pages = {365-375},
 title = {Estimating smooth monotone functions},
 volume = {60},
 year = {1998},
 }

@article{RamTamRifMukEtAl01,
 author = {S. Ramaswamy and P Tamayo and R. Rifkin and S. Mukherjee et.al.},
 journal = {Proc. Natl. Acad. Sci. USA},
 pages = {15149-15154},
 volume = {98},
 year = {2001},
 }

@article{Ransoh04,
 author = {D. F. Ransohoff},
 journal = {Nature Reviews, Cancer},
 pages = {309-314},
 title = {Rules of evidence for cancer molecular-marker discovery and validation},
 volume = {4},
 year = {2004},
 }

@article{ReiYekBen03,
 author = {A. Reiner and D. Yekutieli and Y. Benjamini},
 journal = {Bioinformatics},
 pages = {368-75},
 title = {Identifying differentiall expressed genes using false discovery rate controlling procedures},
 volume = {19},
 year = {2003},
 }

@article{Ritter84,
 author = {K. Ritter},
 editor = {R. Cottle and M. L. Kelmanson and B. Korte},
 journal = {mathematical Programming: Proceedings of the International Congress on Mathematical Programming},
 pages = {307-335},
 title = {On parametric linear and quadratic programming problems},
 year = {1984},
 }

@inproceedings{Ritter92,
 author = {K. Ritter},
 booktitle = {Proceedings of the International Congress on Mathematical Programming},
 pages = {307},
 title = {On parametric linear and quadratic programming problems},
 year = {1992},
 }

@inproceedings{Rosset05,
 author = {S. Rosset},
 booktitle = {Advances in Neural Information Processing Systems 17},
 pages = {1153-1160},
 title = {Following Curved Regularized Optimization Solution Paths},
 year = {2005},
 }

@article{RosWriChaJosEtAl02,
 author = {A. Rosenwald and G. Wright and C. Wing and M. Joseph et al.},
 journal = {The New England Journal of Medicine},
 pages = {1937-1947},
 title = {The use of molecular profiling to predict survival after chemotherapy for diffuse large-{B}-cell lymphoma},
 volume = {346},
 year = {2002},
 }

@article{RosWriWieChaEtAl03,
 author = {A. Rosenwald and G. Wright and A. Wiestner and W. C. Chan et.al.},
 journal = {Cancer Cell},
 pages = {185-197},
 title = {The proliferation gene expression signature is a quantitative integrator of oncogenic events that predicts survival in mantle cell lymphoma},
 volume = {3},
 year = {2003},
 }

@article{RosZhu07,
 author = {S. Rosset and J. Zhu},
 journal = {Annals of Statistics},
 pages = {1012-1030},
 title = {Piecewise linear regularized solution paths},
 volume = {35},
 year = {2007},
 }

@book{RouLer87,
 author = {P. J. Rousseeuw and A. M. Leroy},
 publisher = {John Wiley \& Sons Inc.},
 title = {Robust regression and outlier detection},
 year = {1987},
 }

@article{Roweis00,
 author = {S. Roweis and L. Saul},
 journal = {Science},
 pages = {2323-2326},
 title = {Nonlinear dimensionality reduction by locally linear embedding},
 volume = {290},
 year = {2000},
 }

@misc{RRR,
 author = {RRR},
 institution = {RRR},
 title = {RRR},
 year = {9999},
 }

@article{Saeys07,
 author = {Y. Saeys and I. Inza and P Larranaga},
 journal = {Bioinformatics},
 pages = {2507-2517},
 title = {A review of feature selection techniques in bioinformatics},
 volume = {23},
 year = {2007},
 }

@inproceedings{SauGamVor98,
 author = {C. Saunders and A. Gammerman and V. Vork},
 booktitle = {Proceedings of the 15-th International Conference on Machhine Learning},
 pages = {515-521},
 title = {Ridge Regression Learning Algorithm in Dual Variables},
 year = {1998},
 }

@article{Saul03,
 author = {L. K. Saul and S. T. Roweis},
 journal = {Journal of Machine Learning Research},
 pages = {119-155},
 title = {Think globally, fit locally: Unsupervised learning of low dimensional manifolds},
 volume = {4},
 year = {2003},
 }

@article{Sch86,
 author = {Mark F. Schilling},
 journal = {Journal of the American Statistical Association},
 pages = {799-806},
 title = {Multivariate Two-Sample Tests Based on Nearest Neighbors},
 volume = {81},
 year = {1986},
 }

@article{Scheinberg06a,
 author = {K. Scheinberg},
 journal = {Journal of Machine Learning Research},
 pages = {2237-2257},
 title = {An Efficient Implementation of an Active Set Method for SVMs},
 volume = {7},
 year = {2006},
 }

@inproceedings{SchGre81,
 author = {E. F. Schuster and C. G. Gregory},
 booktitle = {Proceedings of the 13th Symposium on the Inference},
 pages = {295-298},
 title = {On the nonconsistency of maximum likelihood nonparametric density estimators},
 year = {1981},
 }

@article{Schill86,
 author = {M. F. Schilling},
 journal = {Journal of the American Statistical Association},
 number = {395},
 pages = {799-806},
 title = {Multivariate two-sample tests based on nearest neighbors},
 volume = {81},
 year = {1986},
 }

@book{Scholkopf02,
 author = {B. {Sch\"{o}lkopf} and A. J. Smola},
 publisher = {MIT Press, Cambridge},
 title = {Learning with Kernels},
 year = {2002},
 }

@book{Scholkopf02,
 author = {B. Scholkopf and A. J. Smola},
 publisher = {MIT Press},
 title = {Learning with Kernels: Support Vector Machines, Regularization, Optimization, and Beyond},
 year = {2002},
 }

@book{scholkopf02a,
 author = {B. {Sch\"{o}lkopf} and A. J. Smola},
 publisher = {MIT Press, Cambridge},
 title = {Learning with Kernels},
 year = {2002},
 }

@article{shwarz78a,
author = {G. Shwarz},
journal = {Annals of Statistics},
volume = {6},
number = {1},
pages = {461-464},
title = {Estimating the dimension of a model},
year = {1978},
}


@article{Shen03,
 author = {X. Shen and G. Tseng and X. Zhang and W. H. Wong},
 journal = {Journal of the American Statistical Association},
 number = {463},
 pages = {724--734},
 title = {On $\psi$-learning},
 volume = {98},
 year = {2003},
 }

@article{ShiRosTamWen02,
 author = {M. A. Shipp and K. N. Ross and P. Tamayo and A. P. Weng et al.},
 journal = {Nature Medicine},
 number = {1},
 pages = {68-74},
 title = {Diffuse large {B}-cell lymphoma outcome prediction by gene-expression profiling and supervised machine learning},
 volume = {8},
 year = {2002},
 }

@book{Silver86,
 author = {B. W. Silverman},
 publisher = {Chapman \& Hall},
 title = {Density Estimation},
 year = {1986},
 }

@article{Sindhwani06,
 author = {V. Sindhwani and S. Keerthi and O. Chapelle},
 journal = {International Conference on Machine Learning},
 title = {Deterministic annealing for semi-supervised kernel machines},
 year = {2006},
 }

@article{Sindhwani06b,
 author = {V. Sindhwani and S. S. Kerthi},
 journal = {SIGIR '06},
 pages = {477--484},
 title = {Large scale semi-supervised linear SVMs},
 year = {2006},
 }

@article{Sjostrand07,
 author = {K. Sjostrand and M. Hansen and H. Larsson and R. Larsen},
 journal = {Mediacl Image Analysis},
 number = {5},
 pages = {417-428},
 title = {A path algorithm for the support vector domain description and its application to medical imaging},
 volume = {11},
 year = {2007},
 }

@article{Statnikov05,
 author = {A. Statnikov et al.},
 journal = {Bioinformatics},
 pages = {631-641},
 title = {A comprehensive evaluation of multicategory classification methods for microarray gene expression cancer diagnosis},
 volume = {21},
 year = {2005},
 }

@inproceedings{SteChr08,
 author = {I. Steinwart and A. Christmann},
 booktitle = {Advances in Neural Information Processing Systems},
 title = {How SVMs can estimate quantiles and the median},
 volume = {20},
 year = {2008},
 }

@article{StoDaiLee06,
 author = {J. D. Storey and J. Y. Dai and J. T. Leek},
 journal = {Neural Computation},
 title = {The Optimal Discovery Procedure for Large-Scale Significance Testing, with Applications to Comparative Microarray Experiments},
 year = {2006},
 }

@article{StoJonTaySie03,
 author = {J. D. Storey and J. E. Taylor and D. Siegmund},
 journal = {Journal of The Royal Statistical Society B},
 pages = {187-205},
 title = {Strong control, conservative point estimation and simultaneous conservative consistency of false discovery rates: a unified approach},
 volume = {66},
 year = {2003},
 }

@article{Storey02,
 author = {J. D. Storey},
 journal = {Journal of The Royal Statistical Society, Series B},
 pages = {478-498},
 title = {A direct approach to false discovery rates},
 volume = {64},
 year = {2002},
 }

@article{Storey03,
 author = {J. D. Storey},
 journal = {The Annals of Statistics},
 pages = {2013-2035},
 title = {The positive false discovery rate: a bayesian interpretation and the q-value},
 volume = {31},
 year = {2003},
 }

@article{StoTib03,
 author = {J. D. Storey and R. Tibshirani},
 journal = {Proc. Natl. Acad. Sci. USA},
 number = {16},
 pages = {9440-9445},
 title = {Statistical significance for genome-wide studies},
 volume = {100},
 year = {2003},
 }

@article{StoXiaLeeTomDav05,
 author = {J. D. Storey W. Xiao and J. T. Leek and R. G. Tompkins and R.W. Davis},
 journal = {Proc. Natl. Acad. Sci. USA},
 number = {36},
 pages = {12837-12842},
 title = {Significance analysis of time course microarray experiments},
 volume = {102},
 year = {2005},
 }

@article{SubTamMooMukEtAl05,
 author = {A. Subramanian and P. Tamayo and V. K. Mootha and S. Mukherjee et al.},
 journal = {PNAS},
 number = {43},
 pages = {15545-15550},
 title = {Gene set enrichment analysis : A knowledge-based approach for interpreting genome-wide expression profiles},
 volume = {102},
 year = {2005},
 }

@article{Sugiyama07,
 author = {M. Sugiyama},
 journal = {Journal of Machine Learning Research},
 pages = {1027-1061},
 title = {Dimensionality reduction of Multimodal labeled data by local Fisher discriminant analysis},
 volume = {8},
 year = {2007},
 }

@inproceedings{Sun06,
 author = {Y. Sun and J. Li},
 booktitle = {Proceedings of the 23-rd International Conference on Machhine Learning},
 pages = {913-920},
 title = {Iterative RELIEF for feature weighting},
 year = {2006},
 }

@article{Sun09,
 author = {Y. Sun and S. Todorovic and S. Goodison},
 journal = {IEEE Transactions on Pattern Analysis and Machine Intelligence},
 number = {9},
 pages = {1610-1626},
 title = {Local learning based feature selection for high dimensional data analysis},
 volume = {32},
 year = {2010},
 }

@article{SzaBouJonTsoEtAl03,
 author = {A. Szabo and K. Boucher and D. Jones and A. D. Tsodikov and L. B. Klebanov and A. Y. Yakovlev},
 journal = {Biostatistics},
 number = {4},
 pages = {555-567},
 title = {Multivariate exploratory tools for microarray data analysis},
 volume = {4},
 year = {2003},
 }

@article{TagKarSuzMat05,
 author = {H. Tagawa and S. Karnan and R. Suzuki and K. Matsuo and X. Zhang and A. Ota and Y. Morishima and S. Nakamura and M. Seto},
 journal = {Oncogene},
 pages = {1348-1358},
 title = {Genome-wide array-based CGH for mantle cell lymphoma: identification of homozygous deletions of the proapoptotic gen BIM},
 volume = {24},
 year = {2005},
 }

@article{TagKarSuzMatEtAl05,
 author = {H. Tagawa and S. Karnan and R. Suzuki and K. Matsuo and X. Zhang and A. Ota and Y. Morishima and S. Nakamura and M. Seto},
 journal = {Oncogene},
 pages = {1348-1358},
 title = {Genome-wide array-based CGH for mantle cell lymphoma: identification of homozygous deletions of the proapoptotic gene BIM},
 volume = {24},
 year = {2005},
 }

@article{TagSugTsuMat05,
 author = {H. Tagawa and M. Suguro and S. Tsuzuki and K. Matsuo and S. Karnan and K. Ohshima ans M. Okamoto and Y. Morishima and M. Seto},
 journal = {Blood},
 pages = {1770-1777},
 title = {Comparison of genome profiles for identification of distinct subgroups of diffuse large {B}-cell lymphoma},
 volume = {106},
 year = {2005},
 }

@article{TagTsuSuzKar04,
 author = {H. Tagawa and S. Tsuzuki and R. Suzuki and S. Karnan and A. Ota and Y. Kameoka and M. Suguro and K. Matsuo and M. Yamaguchi and M. Okamoto and Y. Morishima and S. Nakamura and M. Seto},
 journal = {Cancer Research},
 pages = {5948-5955},
 title = {Genome-wide array-based comparative genomic hybridization of diffuse large-{B}-cell lymphoma: comparison between CD5-positive and CD5-negative cases},
 volume = {64},
 year = {2004},
 }

@article{TakBenKan02,
 author = {I. Takeuchi and Y. Bengio and T. Kanamori},
 journal = {Neural Computation},
 number = {10},
 pages = {2469-2496},
 title = {Robust regression with asymmetric heavy-tail noise distributions},
 volume = {14},
 year = {2002},
 }

@article{takeuchi06a,
 author = {I. Takeuchi and Q. V. Le and T. Sears and A. J. Smola},
 journal = {Journal of Machine Learning Research},
 pages = {1231-1264},
 title = {Nonparametric quantile estimation},
 volume = {7},
 year = {2006},
 }

@article{Takeuchi09a,
 author = {I. Takeuchi and K. Nomura and T. Kanamori},
 journal = {Neural Computation},
 number = {2},
 pages = {539-559},
 title = {Nonparametric conditional density estimation using piecewise-linear solution path of kernel quantile regression},
 volume = {21},
 year = {2009},
 }

@article{TakLeSeaSmo06,
 author = {I. Takeuchi and Q. V. Le and T. Sears and A. J. Smola},
 journal = {Journal of Machine Learning Research},
 pages = {1231-1264},
 title = {Nonparametric quantile estimation},
 volume = {7},
 year = {2006},
 }

@article{TakNomKan08,
 author = {I. Takeuchi and K. Nomura and T. Kanamori},
 journal = {Neural Computation},
 number = {2},
 pages = {539-559},
 title = {Nonparametric conditional density estimation using piecewise-linear solution path of kernel quantile regression},
 volume = {21},
 year = {2009},
 }

@article{TakTagKatGuoEtAl09,
 author = {I. Takeuchi and H. Tagawa and A. Tsujikawa and M. Nakagawa and MK. Suguro and Y. Guo and M. Seto},
 journal = {Haematologica},
 pages = {51-69},
 title = {The potential of copy number gains and losses, detected by array-based comparative genomic hybridization, for computational differential diagnosis of {B}-cell lymphomas and genetic regions involved in lymphomagenesis},
 volume = {94},
 year = {2009},
 }

@article{Tenenbam00,
 author = {J. B. Tenenbaum and V. de Silva and J. C. Langford},
 journal = {Science},
 pages = {2319-2323},
 title = {A global framework for nonlinear dimensionallity reduction},
 volume = {290},
 year = {2000},
 }

@article{TiaGreKonAltEtAl05,
 author = {L. Tian and S. S. Greenberg and S. W. Kong and J. Altschuler et.al.},
 journal = {PNAS},
 pages = {13544-13549},
 title = {Discovering statistically significant pathways in expression profiling studies},
 volume = {102},
 year = {2005},
 }

@article{Tibshirani11a,
 author = {R. Tibshirani and J. Bien and J. Friedman and T. Hastie and N. Simon and J. Taylor and R. J. Tibshirani},
 journal = {Journal of the Royal Statistical Society, Series B},
 pages = {245-266},
 title = {Strong rules for discarding predictors in lasso-type problems},
 volume = {74},
 year = {2011},
 }

@article{Tibshirani11b,
 author = {R. Tibshirani and J. Taylor},
 journal = {Journal of the Royal Statistical Society, Series B},
 pages = {1335-1371},
 title = {The solution path of the generalized lasso},
 volume = {39},
 year = {2011},
 }

@article{Tibshirani96a,
 author = {R. Tibshirani},
 journal = {Journal of the Royal Statistical Society, Series B},
 pages = {267-288},
 title = {Regression shrinkage and selection via the lasso},
 volume = {58},
 year = {1996},
 }

@incollection{Tomioka11a,
 author = {R. Tomioka and T. Suzuki and M. Sugiyama},
 booktitle = {Optimization for Machine Learning},
 editor = {S. Sra, S. Nowozin, and S. J. Wright},
 title = {Augmented Lagrangian methods for learning, selecting and combining features},
 year = {2011},
 }

@article{TomRhoPerDhaEtAl05,
 author = {S. A. Tomlins and D. R. Rhodes and S. Perner and S. M. Dhanasekaran et al.},
 journal = {Science},
 pages = {644-648},
 title = {Recurrent fusion of tmprss2 and ets transcription factor genes in prostate cancer},
 volume = {310},
 year = {2005},
 }

@article{TroCanSheBroEtAl01,
 author = {O. Troyanskaya and M. Cantor and G. Sherlock and P. Brown et.al.},
 journal = {Bioinformatics},
 pages = {520-525},
 title = {Missing value estimation methods for DNA microarrays},
 volume = {17},
 year = {2001},
 }

@inproceedings{Tsuda07,
 author = {K. Tsuda},
 booktitle = {In Proc. of ICML 2007},
 pages = {919-925},
 title = {Entire regularization paths for graph data},
 year = {2007},
 }

@misc{TTT,
 author = {TTT},
 institution = {TTT},
 title = {TTT},
 year = {9999},
 }

@article{Turlach05a,
 author = {B. A. Turlach and W. N. Venables and S. J. Wright},
 journal = {Technometrics},
 pages = {349-363},
 title = {Simultaneous variable selection},
 volume = {47},
 year = {2005},
 }

@article{TusTibChu01,
 author = {V. G. Tusher and R. Tibshirani and G. Chu},
 journal = {Proc. Natl. Acad. Sci. USA},
 number = {9},
 pages = {5116-5121},
 title = {Significance analysis of microarrays applied to the ionizing radiation response},
 volume = {98},
 year = {2001},
 }

@misc{UUU,
 author = {UUU},
 institution = {UUU},
 title = {UUU},
 year = {9999},
 }

@article{Vapnik77,
 author = {V. N. Vapnik and A. Sterin},
 journal = {Automation and Remote Control},
 title = {On structural risk minimization or overall risk in a problem of pattern recognition},
 year = {1977},
 }

@book{Vapnik96,
 author = {V. N. Vapnik},
 publisher = {Springer},
 title = {The Nature of Statistical Learning Theory},
 year = {1996},
 }

@book{Vapnik98a,
 author = {V. N. Vapnik},
 publisher = {Wiley Inter-Science},
 title = {Statistical Learning Theory},
 year = {1998},
 }

@article{Vats12a,
 author = {D. Vats},
 ee = {http://arxiv.org/abs/1208.2043},
 journal = {arXiv:1208.2043},
 title = {Parameter-free high-dimensional screening Using multiple grouping of variables},
 year = {2012},
 }

@article{VelFriPejOls03,
 author = {J. A. Veltman and J. Fridlyand and S. Pejavar and A. B. Olshen et.al.},
 journal = {Cancer Research},
 pages = {2872-2880},
 title = {Array-based comparative genomic hybridization for ggenome-wide screening of DNA copy number in bladder tumors},
 volume = {63},
 year = {2003},
 }

@misc{VVV,
 author = {VVV},
 institution = {VVV},
 title = {VVV},
 year = {9999},
 }

@inproceedings{Wang07a,
 author = {G. Wang and D. Y. Yeung and F. H. Lochovsky},
 booktitle = {Twenty-fourth International Conference on Machine Learning},
 pages = {951--958},
 title = {A kernel path algorithm for support vector machines},
 year = {2007},
 }


@book{WanJon94,
 author = {M. P. Wand and M. C. Jones},
 publisher = {Chapman and Hall},
 title = {Kernel Smoothing},
 year = {1994},
 }

@incollection{WeiBliSau06,
 address = {Cambridge, MA},
 author = {K. Weinberger and J. Blitzer and L. Saul},
 booktitle = {Advances in Neural Information Processing Systems 18},
 editor = {Y. Weiss and B. Sch\"{o}lkopf and J. Platt},
 pages = {1473--1480},
 publisher = {MIT Press},
 title = {Distance Metric Learning for Large Margin Nearest Neighbor Classification},
 year = {2006},
 }

@incollection{Weinberger06,
 address = {Cambridge, MA},
 author = {Kilian Weinberger and John Blitzer and Lawrence Saul},
 booktitle = {Advances in Neural Information Processing Systems 18},
 editor = {Y. Weiss and B. Sch\"{o}lkopf and J. Platt},
 pages = {1473--1480},
 publisher = {MIT Press},
 title = {Distance Metric Learning for Large Margin Nearest Neighbor Classification},
 year = {2006},
 }

@article{WesYou89,
 author = {P. H. Westfall and S. S. Young},
 journal = {Journal of the American Statistical Association},
 pages = {780-786},
 title = {{\it p}-value adjustment for multiple tests in multivariate binomial models},
 volume = {84},
 year = {1989},
 }

@article{Willia95,
 author = {P. M. Williams},
 journal = {Neural Computation},
 pages = {117-143},
 title = {Bayesian regularization and pruning using a Laplace prior},
 volume = {7},
 year = {1995},
 }

@article{Willia96,
 author = {P. M. Williams},
 journal = {Neural Computation},
 pages = {834-54},
 title = {Using neural networks to model conditional multivariate densities},
 volume = {8},
 year = {1996},
 }

@article{Willia97,
 author = {M. S. Williams},
 journal = {Journal of Agricultural, Biological, and Environmental Statistics},
 number = {1},
 pages = {108-129},
 title = {A Regression Technique Accounting for Heteroscedastic and Asymmetric Errors},
 volume = {2},
 year = {1997},
 }

@article{WilVelOlsJai02,
 author = {M. Wilhelm and J. A. Veltman and A. B. Olshen and A. N. Jain et.al},
 journal = {Cancer Research},
 pages = {957-960},
 title = {Array-based comparative genomic hybridization for the differential diagnosis of renal cell cancer},
 volume = {62},
 year = {2002},
 }

@inproceedings{WiTanZhaCheEtAl09,
 author = {G. J. Qi and J. Tang and Z. J. Zha and T. S. Chua and H. J. Zhang},
 booktitle = {Proc. of the 26th International Conf. on Machine Learning},
 editor = {Bottou, L\'{e}on and Littman, Michael},
 pages = {841-848},
 publisher = {Omnipress},
 title = {An efficient sparse metric learning in high-dimensional space via l1-penalized log-determinant regularization},
 year = {2009},
 }

@article{Wright09a,
 author = {S. J. Wright and R. D. Nowak and M. A. T. Figueiredo},
 journal = {IEEE Transactions on Signal Processing},
 pages = {2479-2493},
 title = {Sparse reconstruction by separable approximation},
 volume = {57},
 year = {2009},
 }

@article{WriTanRosHurEtAl03,
 author = {G. Wright and B. Tan and A. Rosenwald and E. H. Hurt et al.},
 journal = {Proc. Natl. Acad. Sci. USA},
 pages = {9991-9996},
 title = {A gene expression-based method to diagnose clinically distinct subgroups of diffuse large {B} cell lymphoma},
 volume = {100},
 year = {2003},
 }

@inproceedings{Wu03a,
 author = {G Wu and E Chang},
 booktitle = {Proceedings of the 14th International Conference on Machine Learning},
 pages = {816-823},
 title = {Adaptive feature-space conformal transformation for imbalanced data learning},
 year = {2003},
 }

@inproceedings{Wu03b,
 author = {X Wu and R Srihari},
 booktitle = {Proceedings of the 14th International Conference on Machine Learning},
 title = {New {$\nu$}-support vector machines and their sequential minimal optimization},
 year = {2003},
 }

@article{Wu05,
 author = {G Wu and E Chang},
 journal = {IEEE Transactions on Knowledge and Data Engineering},
 pages = {786-795},
 title = {{KBA}: kernel boundary alignment considering imbalanced data distribution},
 volume = {17},
 year = {2005},
 }

@article{wu07a,
 author = {Y. Wu and Y. Liu},
 journal = {Journal of the American Statistical Association},
 pages = {974-983},
 title = {Robust truncated hinge loss support vector machines},
 volume = {102},
 year = {2007},
 }

@inproceedings{Wu13a,
 author = {H. Wu and P. J. Ramadge},
 booktitle = {Proceedings of the 38th IEEE International Conference on Acoustics, Speech, and Signal Processing},
 title = {The 2-Codeword Screening Test for LASSO Problems},
 year = {2013},
 }


@misc{WWW,
 author = {WWW},
 institution = {WWW},
 title = {WWW},
 year = {9999},
 }

@article{XiaFriGorKleEtAl04,
 author = {Y. Xiao and R. Frisina and A. Gordon and L. Klebanov and A. Yakovlev},
 journal = {BMC Bioinformatics},
 number = {164},
 title = {Multivariate search for differentially expressed gene cominations},
 volume = {5},
 year = {2004},
 }

@article{Xiang10,
 author = {S. Xiang and F. Nie and C. Zhang},
 journal = {IEEE trans. Pattern Anal. Mach. Intell.},
 month = {Nov.},
 pages = {2039--2053},
 title = {Semi-supervised classification via local spline regression},
 volume = {32},
 year = {2010},
 }

@inproceedings{Xiang12a,
 author = {Z. J. Xiang and H. Xu and P. J. Ramadge},
 booktitle = {Advances in Neural Information Processing Systems 24},
 pages = {900--908},
 title = {Learning Sparse Representations of High Dimensional Data on Large Scale Dictionaries},
 year = {2012},
 }

@inproceedings{Xiang12b,
 author = {Z. J. Xiang and P. J. Ramadge},
 booktitle = {Proceedings of the 37th IEEE International Conference on Acoustics, Speech and Signal Processing},
 title = {Fast LASSO screening test based on correlatins},
 year = {2012},
 }

@incollection{XinNgJorRus03,
 address = {Cambridge MA},
 author = {Eric P. Xing and Andrew Y. Ng and Michael I. Jordan and Stuart Russell},
 booktitle = {Advances in Neural Information Processing Systems 15},
 editor = {S. Becker, S. Thrun and K. Obermayer},
 original = {psgz/AA03.ps.gz},
 pages = {505--512},
 publisher = {MIT Press},
 title = {Distance Metric Learning with Application to Clustering with Side-Information},
 year = {2003},
 }

@inproceedings{Xu06,
 author = {L. Xu and K. Crammer and D. Schuurmans},
 booktitle = {Proceedings of the National Conference on Artificial Intelligence (AAAI)},
 title = {Robust support vector machine traiing via convex outlier ablation},
 year = {2006},
 }

@misc{XXX,
 author = {XXX},
 institution = {XXX},
 title = {XXX},
 year = {9999},
 }

@article{YamTakWilEtAl04,
 author = {Yamanishi, K. and Takeuchi, J. and Williams, G. and Milne, P.},
 journal = {Data Mining and Knowledge Discovery Journal},
 note = {Network Security},
 number = {3},
 pages = {275-300},
 title = {On-line unsupervised outlier detection using finite mixtures with discounting learning algorithms},
 volume = {8},
 year = {2004},
 }

@techreport{Yao10a,
 author = {Y. Yao and Y. Lee},
 institution = {Department of Statistics, The Ohio State University},
 number = {OH43210-1247},
 title = {Another look at linear programming for feature selection via methods of regularization},
 year = {2010},
 }

@inproceedings{Yu10,
 author = {Y. Yu and M. Yang and L. Xu and M. White and D. Schuurmans},
 booktitle = {Advances in Neural Information Processing Systems},
 title = {Relaxed clipping: a global training method for robust regression and classification},
 volume = {23},
 year = {2010},
 }

@article{Yuan10a,
 author = {G. X. Yuan and K. W. Chang and C. J. Hsieh and C. J. Lin},
 journal = {Journal of Machine Learning Research},
 pages = {3183--3234},
 title = {A comparison of optimization methods and software for large-scale L1-regularized linear classification},
 volume = {11},
 year = {2010},
 }

@article{Yuan12a,
 author = {G. X. Yuan and C. H. Ho and C. J. Lin},
 journal = {Journal of Machine Learning Research},
 pages = {1999-2030},
 title = {An improved GLMNET for L1-regularized logistic regression},
 volume = {13},
 year = {2012},
 }

@inproceedings{yuille02a,
 author = {A. L. Yuille and A. Rangarajan},
 booktitle = {Advances in Neural Information Processing Systems},
 title = {The concave-convex procedure (CCCP)},
 volume = {14},
 year = {2002},
 }

@article{Yuille03,
 author = {A. Yuille and A. Rangarajan},
 journal = {Neural Computation},
 title = {The concave-convex produsure},
 year = {2003},
 }

@article{YuMoy01,
 author = {K. Yu and R. A. Moyeed},
 journal = {Statistics and Probability Letters},
 pages = {437-447},
 title = {Bayesian quantile regression},
 volume = {54},
 year = {2001},
 }

@misc{YYY,
 author = {YYY},
 institution = {YYY},
 title = {YYY},
 year = {9999},
 }

@inproceedings{Zadrozny01,
 author = {Bianca Zadrozny and Charles Elkan},
 booktitle = {Proceedings of the 7th ACM SIGKDD Conference},
 title = {Learning and making decisions when costs and probabilities are both unknown},
 year = {2001},
 }

@inproceedings{Zadrozny03,
 author = {Bianca Zadrozny and John Langford and Naoki Abe},
 booktitle = {Proceedings of the 3rd International Conference on Data Mining},
 pages = {435-442},
 title = {Cost-sensitive learning by cost-proportionate example weighting},
 year = {2003},
 }

 @book{Zar99,
 author = {J. H. Zar},
 publisher = {Prentice Hall},
 title = {Biostatistical analyses},
 year = {1999},
 }

@article{Zhang02,
 author = {T.~Zhang},
 journal = {Journal of Machine Learning Research},
 pages = {527--550},
 title = {Covering number bounds of certain regularized linear function classes},
 volume = {2},
 year = {2002},
 }

@article{Zhang04,
 author = {T.~Zhang},
 journal = {Journal of Machine Learning Research},
 pages = {1225--1251},
 title = {Statistical analysis of some multi-category large margin classification methods},
 volume = {5},
 year = {2004},
 }

@article{Zhang08a,
 author = {H. H. Zhang and Y. Liu and Y. Wu and J. Zhu},
 journal = {Electronic Journal of Statistics},
 pages = {149-167},
 title = {Variable selection for the multicategory SVM via adaptive sup-norm regularization},
 volume = {2},
 year = {2008},
 }

@article{zhang10a,
 author = {C. H. Zhang},
 journal = {Annals of Statistics},
 pages = {894-942},
 title = {Nearly unbiased variable selection under minimax concave penalty},
 volume = {38},
 year = {2010},
 }

@article{zhou12a,
author = {H. Zhou and A. Armagan and D. B. Dunson},
title = {Path following and empirical {B}ayes model selection for sparse regression},
journal = {arXiv:1201.3528},
 year = {2012},
 }

@article{Zhu03,
 author = {Z. Zhu and Z. Ghahramani and J. Lafferty},
 journal = {ICML},
 title = {Semi-supervised learning using gaussian fields and harmonic functions},
 year = {2003},
 }

@inproceedings{Zhu03a,
 author = {J. Zhu and S. Rosset and T. Hastie and R. Tibshirani},
 booktitle = {Advances in Neural Information Processing Systems 16},
 title = {1-norm Support Vector Machines},
 year = {2004},
 }

@article{Zou08a,
 author = {H. Zou and M. Yuan},
 journal = {Computational Statistics and Data Analysis},
 pages = {5296-5304},
 title = {Regularized simultaneous model selection in multiple quantiles regression},
 volume = {52},
 year = {2008},
 }

@article{demiriz2002linear,
  title={Linear programming boosting via column generation},
  author={Demiriz, Ayhan and Bennett, Kristin P and Shawe-Taylor, John},
  journal={Machine Learning},
  volume={46},
  number={1-3},
  pages={225--254},
  year={2002},
  publisher={Springer}
}


@article{thompson1966techniques,
  title={Techniques for removing nonbinding constraints and extraneous variables from linear programming problems},
  author={Thompson, Gerald L and Tonge, Fred M and Zionts, Stanley},
  journal={Management Science},
  volume={12},
  number={7},
  pages={588--608},
  year={1966},
  publisher={INFORMS}
}

@article{10.1162/neco_a_01619,
    author = {Hanada, Hiroyuki and Hashimoto, Noriaki and Taji, Kouichi and Takeuchi, Ichiro},
    title = {Generalized Low-Rank Update: Model Parameter Bounds for Low-Rank Training Data Modifications},
    journal = {Neural Computation},
    volume = {35},
    number = {12},
    pages = {1970-2005},
    year = {2023},
}

@inproceedings{agarwal2020contextual,
  title={Contextual diversity for active learning},
  author={Agarwal, Shivani and Kulkarni, Tejas and Sarkar, Shounak and Srikant, R},
  booktitle={Proceedings of the 34th International Conference on Neural Information Processing Systems},
  year={2020}
}

@inproceedings{sener2018active,
  title={Active learning for convolutional neural networks: A core-set approach},
  author={Sener, Ozan and Savarese, Silvio},
  booktitle={International Conference on Learning Representations},
  year={2018}
}

@inproceedings{welling2009herding,
  title={Herding dynamical weights to learn},
  author={Welling, Max},
  booktitle={Proceedings of the 26th annual international conference on machine learning},
  pages={1121--1128},
  year={2009}
}

@article{sener2017active,
  title={Active learning for convolutional neural networks: A core-set approach},
  author={Sener, Ozan and Savarese, Silvio},
  journal={arXiv preprint arXiv:1708.00489},
  year={2017}
}

@article{coleman2019selection,
  title={Selection via proxy: Efficient data selection for deep learning},
  author={Coleman, Cody and Yeh, Christopher and Mussmann, Stephen and Mirzasoleiman, Baharan and Bailis, Peter and Liang, Percy and Leskovec, Jure and Zaharia, Matei},
  journal={arXiv preprint arXiv:1906.11829},
  year={2019}
}

@inproceedings{toneva2019forgetting,
  title={An empirical study of example forgetting during deep neural network learning},
  author={Toneva, Mariya and Sordoni, Alessandro and des Combes, Remi Tachet and Trischler, Adam and Bengio, Yoshua and Gordon, Geoff},
  booktitle={International Conference on Learning Representations},
  year={2019}
}

@article{paul2021deep,
  title={Deep learning on a data diet: Finding important examples early in training},
  author={Paul, Mansheej and Ganguli, Surya and Dziugaite, Gintare Karolina},
  journal={Advances in neural information processing systems},
  volume={34},
  pages={20596--20607},
  year={2021}
}


@article{ducoffe2018adversarial,
  title={Adversarial active learning for deep networks: a margin based approach},
  author={Ducoffe, Melanie and Precioso, Frederic},
  journal={arXiv preprint arXiv:1802.09841},
  year={2018}
}

@article{margatina2021active,
  title={Active learning by acquiring contrastive examples},
  author={Margatina, Katerina and Vernikos, Giorgos and Barrault, Lo{\"\i}c and Aletras, Nikolaos},
  journal={arXiv preprint arXiv:2109.03764},
  year={2021}
}

@inproceedings{killamsetty2021grad,
  title={Grad-match: Gradient matching based data subset selection for efficient deep model training},
  author={Killamsetty, Krishnateja and Durga, Sivasubramanian and Ramakrishnan, Ganesh and De, Abir and Iyer, Rishabh},
  booktitle={International Conference on Machine Learning},
  pages={5464--5474},
  year={2021},
  organization={PMLR}
}

@article{killamsetty2021retrieve,
  title={Retrieve: Coreset selection for efficient and robust semi-supervised learning},
  author={Killamsetty, Krishnateja and Zhao, Xujiang and Chen, Feng and Iyer, Rishabh},
  journal={Advances in neural information processing systems},
  volume={34},
  pages={14488--14501},
  year={2021}
}


@inproceedings{killamsetty2021glister,
  title={Glister: Generalization based data subset selection for efficient and robust learning},
  author={Killamsetty, Krishnateja and Sivasubramanian, Durga and Ramakrishnan, Ganesh and Iyer, Rishabh},
  booktitle={Proceedings of the AAAI Conference on Artificial Intelligence},
  volume={35},
  number={9},
  pages={8110--8118},
  year={2021}
}

@inproceedings{iyer2021submodular,
  title={Submodular combinatorial information measures with applications in machine learning},
  author={Iyer, Rishabh and Khargoankar, Ninad and Bilmes, Jeff and Asanani, Himanshu},
  booktitle={Algorithmic Learning Theory},
  pages={722--754},
  year={2021},
  organization={PMLR}
}

@article{iyer2013submodular,
  title={Submodular optimization with submodular cover and submodular knapsack constraints},
  author={Iyer, Rishabh K and Bilmes, Jeff A},
  journal={Advances in neural information processing systems},
  volume={26},
  year={2013}
}

@inproceedings{guo2022deepcore,
  title={Deepcore: A comprehensive library for coreset selection in deep learning},
  author={Guo, Chengcheng and Zhao, Bo and Bai, Yanbing},
  booktitle={International Conference on Database and Expert Systems Applications},
  pages={181--195},
  year={2022},
  organization={Springer}
}

@misc{hanada2024distributionallyrobustsafesample,
      title={Distributionally Robust Safe Sample Screening}, 
      author={Hiroyuki Hanada and Aoyama Tatsuya and Akahane Satoshi and Tomonari Tanaka and Yoshito Okura and Yu Inatsu and Noriaki Hashimoto and Shion Takeno and Taro Murayama and Hanju Lee and Shinya Kojima and Ichiro Takeuchi},
      year={2024},
      eprint={2406.05964},
      archivePrefix={arXiv},
      primaryClass={stat.ML},
      url={https://arxiv.org/abs/2406.05964}, 
}

@article{lee2017deep,
  title={Deep neural networks as gaussian processes},
  author={Lee, Jaehoon and Bahri, Yasaman and Novak, Roman and Schoenholz, Samuel S and Pennington, Jeffrey and Sohl-Dickstein, Jascha},
  journal={arXiv preprint arXiv:1711.00165},
  year={2017}
}